2424 3201
707 688 958 753 SERVII
1019 690 1491 758 GRAMMATICI

410 788 491 851 IN
555 788 890 852 VERGILH
956 788 1207 856 GEORG.
1272 793 1407 858 LIB.
1450 795 1500 874 I,
1548 801 1786 863 1-100

794 888 1397 957 COMMENTARIUS.

121 1111 349 1197 Vergilius
380 1141 421 1182 in
454 1139 645 1194 operibus
677 1139 761 1181 suis
794 1140 977 1181 diversos
1016 1141 1181 1181 secutus
1225 1142 1288 1182 est
1317 1144 1483 1194 poetas:
1527 1145 1755 1188 Homerum
1798 1148 1840 1189 in
1870 1148 2067 1201 Aeneide,
2138 1141 2142 1145 ’

120 1225 262 1267 quem,
311 1211 410 1252 licet
449 1210 574 1263 longo
615 1208 858 1251 intervallo.
904 1211 1068 1251 secutus
1098 1211 1161 1251 est
1189 1212 1352 1260 tamen3
1404 1213 1669 1255 Theocritum
1702 1215 1744 1256 in
1769 1217 1994 1269 Bucolicis,
2044 1232 2068 1262 a

121 1294 199 1335 quo
229 1293 312 1322 non
343 1279 466 1333 longe
498 1279 638 1326 abest3
686 1277 914 1319 Hesiodum
933 1279 962 1328 1)
991 1278 1034 1318 in
1065 1279 1129 1320 his
1160 1279 1302 1330 libris,
1352 1294 1474 1334 quem
1516 1283 1681 1336 penitus
1710 1275 1890 1338 reliquit.
1907 1286 1938 1338 2)
1997 1286 2067 1329 hic

121 1351 261 1391 autem
290 1348 498 1390 Hesiodus
514 1347 546 1402 3)
576 1347 654 1388 fuit
690 1347 739 1388 de
769 1346 904 1388 Ascra
934 1347 1136 1399 insula,4)
1177 1349 1246 1401 qui
1282 1350 1446 1403 scripsit
1476 1351 1527 1392 ad
1558 1352 1730 1393 fratrem
1762 1366 1881 1395 suum
1909 1356 2064 1398 Persen

118 1419 290 1468 librum,
339 1430 460 1471 quem
501 1416 726 1469 appellavit
747 1416 777 1468 5)
823 1413 921 1472 ἔργα
951 1413 1024 1456 καὶ
1059 1411 1264 1472 ἦμέραςθ)
1298 1419 1323 1461 i.
1357 1432 1388 1463 e.
1423 1433 1546 1473 opera
1578 1422 1619 1462 et
1657 1422 1754 1464 dies.
1814 1423 1882 1464 hic
1924 1426 2064 1467 autem

119 1488 224 1529 liber
257 1487 458 1536 continet,
501 1498 624 1539 quem
657 1486 709 1527 ad
738 1485 908 1526 modum
942 1485 1033 1538 agri
1064 1486 1105 1527 et
1133 1486 1280 1538 quibus
1313 1489 1567 1542 temporibus
1599 1489 1683 1530 sint
1711 1489 1891 1541 colendi;
1947 1493 2063 1536 cuius

118 1556 289 1597 titulum
318 1555 542 1596 transferre
574 1555 728 1603 noluit,
758 1555 865 1596 sicut
885 1554 1174 1596 Bucolicorum
1196 1556 1430 1606 transtulit,
1462 1557 1583 1598 sicuti
1612 1558 1840 1600 Aeneidem
1858 1561 1888 1613 7)
1920 1561 2062 1614 appel-

117 1625 222 1667 lavit
264 1625 315 1666 ad
354 1623 630 1665 imitationem
657 1621 920 1677 Odyssiae&
961 1625 1101 1665 tamen
1133 1637 1225 1665 eum
1264 1624 1383 1679 per9)
1421 1626 1678 1679 periphrasin
1706 1627 1837 1680 primo
1871 1629 2062 1682 exprimit

119 1707 240 1735 versu
271 1693 428 1734 dicens:
472 1692 681 1741 indicabo,
723 1705 801 1745 quo
834 1705 955 1745 opere
986 1695 1027 1734 et
1055 1693 1201 1746 quibus
1231 1694 1486 1747 temporibus
1515 1708 1612 1748 ager
1644 1695 1839 1737 colendus
1872 1697 1936 1737 sit.
1994 1697 2060 1739 in-

118 1763 233 1816 genti
275 1763 413 1803 autem
453 1761 539 1815 egit
578 1763 689 1811 arte,
734 1763 782 1802 ut
819 1762 1048 1815 potentiam
1083 1762 1200 1803 nobis
1246 1762 1309 1803 sui
1349 1762 1551 1804 indicaret
1589 1764 1760 1818 ingenii,
1812 1766 2057 1808 coarctando

117 1832 203 1873 lata
238 1833 279 1872 et
311 1829 619 1884 angustioralO)
663 1829 887 1871 dilatando.
948 1843 1045 1871 nam
1086 1844 1179 1872 cum
1209 1831 1381 1872 Homeri
1412 1832 1452 1871 et
1481 1832 1688 1873 Theocriti
1707 1833 1760 1887 11)
1803 1833 1844 1874 in
1877 1834 2058 1876 brevita-

120 1902 207 1941 tem
247 1899 402 1952 scripta
428 1899 479 1947 12)
520 1899 756 1952 collegerit,
795 1912 923 1941 unum
952 1900 1124 1941 Hesiodi
1151 1901 1205 1955 13)
1241 1900 1394 1942 librum
1425 1899 1567 1942 divisit
1608 1900 1650 1941 in
1694 1902 1908 1954 quattuor,
1949 1904 2069 1956 quod-

117 1968 276 2010 ratione
307 1981 389 2010 non
420 1969 544 2010 caret.
601 1980 699 2008 nam
728 1969 859 2010 omnis
886 1970 1017 2016 terra,
1050 1971 1096 2010 ut
1125 1969 1250 2010 etiam
1277 1969 1408 2011 Varro
1451 1969 1591 2018 docet,
1629 1969 1922 2021 quadrifariam
1950 1971 2056 2013 divi-

117 2036 248 2077 ditur:
298 2038 369 2078 aut
402 2036 511 2077 enim
541 2050 663 2078 arvus
682 2035 737 2090 ¹4)
769 2039 831 2078 est
863 2050 961 2091 ager
990 2038 1014 2080 i.
1045 2051 1078 2079 e.
1109 2038 1344 2087 sationalis,
1396 2040 1467 2079 aut
1508 2038 1689 2079 consitus
1708 2038 1758 2088 15)
1796 2038 1820 2078 i.
1855 2052 1888 2080 e.
1933 2042 2054 2093 aptus

117 2104 351 2152 arboribus,
387 2106 458 2145 aut
487 2117 685 2157 pascuus,
726 2106 796 2159 qui
825 2106 961 2147 herbis
993 2109 1156 2149 tantum
1189 2108 1230 2148 et
1261 2106 1508 2148 animalibus
1537 2107 1678 2156 vacat,
1720 2108 1792 2148 aut
1820 2107 1981 2158 floreus,
2001 2109 2054 2164 16)

162 2265 197 2299 P
217 2282 262 2294 =
286 2265 468 2299 Parisinus
495 2265 595 2301 7959.
653 2266 687 2300 V
707 2284 751 2294 =
776 2268 969 2301 Vaticanus
995 2267 1094 2301 3317.
1143 2268 1180 2301 B
1205 2284 1249 2296 =
1275 2267 1463 2301 Bernensis
1489 2267 1569 2301 363.
1617 2266 1652 2300 L
1676 2284 1721 2296 =
1743 2268 1926 2304 Leidensis
1951 2271 2004 2305 80.

599 2322 635 2358 R
659 2340 706 2353 =
730 2325 942 2369 Reginensis
970 2325 1070 2360 1495.
1119 2325 1165 2358 Η
1185 2342 1229 2352 =
1252 2325 1434 2358 Parisinus
1462 2325 1563 2359 7965.
1833 2327 1838 2331 '

254 2390 286 2433 1)
309 2388 467 2424 Isiodum
499 2390 533 2425 V
634 2391 668 2436 2)
706 2390 858 2435 reliquid
890 2391 924 2425 V
1025 2394 1060 2435 3)
1084 2392 1218 2426 isiodus
1249 2391 1283 2425 V
1384 2391 1420 2433 4)
1452 2390 1596 2425 civitate
1627 2393 1846 2435 exemplaria
1878 2393 2052 2437 impressa

115 2445 150 2488 5)
183 2445 367 2488 appellant
391 2447 470 2481 BV
572 2448 607 2492 6)
642 2458 726 2493 erga
752 2451 813 2481 καὶ
840 2458 974 2483 emeras
1000 2449 1054 2488 P,
1086 2459 1171 2493 erga
1194 2461 1241 2482 κε.
1272 2448 1296 2481 Ι.
1324 2458 1427 2482 mere.
1460 2447 1495 2481 V
1605 2448 1638 2490 7)
1675 2449 1767 2483 sicut
1798 2449 1977 2485 Aeneiden
2002 2451 2048 2491 B,

115 2502 207 2536 sicut
230 2503 267 2536 in
291 2502 470 2538 Aeneiden
504 2504 554 2545 V,
594 2505 686 2539 sicut
708 2505 746 2539 in
768 2505 923 2540 Aeneide
948 2506 1081 2541 Petrus
1105 2505 1242 2539 Daniel
1346 2505 1381 2549 8)
1408 2503 1559 2540 odissiae
1585 2505 1621 2540 B
1646 2506 1682 2550 (i.
1711 2517 1741 2541 e.
1769 2507 1924 2545 ulixinae
1949 2519 2047 2552 supr.

115 2560 216 2603 scon),
253 2559 403 2595 odissiae
431 2561 476 2602 P,
502 2561 633 2597 odissei
665 2563 699 2597 V
809 2563 844 2607 9)
871 2573 938 2597 om.
972 2564 1006 2597 V
1121 2563 1178 2606 10)
1211 2565 1365 2609 angusta
1397 2563 1431 2597 V
1552 2564 1607 2604 11)
1641 2563 1881 2608 prolixitatem
1905 2565 1988 2599 add.
2021 2565 2055 2599 V

115 2616 171 2660 1‘2)
205 2617 375 2661 scriptam
406 2617 440 2652 V
527 2619 584 2663 13)
618 2630 681 2664 per
704 2620 893 2665 perifrasin
918 2620 1001 2654 add.
1026 2621 1062 2655 B
1156 2620 1213 2664 14)
1248 2619 1353 2654 arbus
1375 2621 1393 2654 t
1417 2619 1545 2654 arbuus
1579 2620 1613 2654 V
1705 2622 1760 2663 15)
1795 2622 1987 2657 consitivus
2011 2622 2048 2656 B

114 2673 170 2716 16)
194 2673 339 2708 floridus
364 2675 444 2709 BV

1563 2741 1584 2777 1
