2393 3141
499 336 567 390 19)
598 336 777 388 uncique
798 347 911 388 puer
940 335 1198 375 monstrator
1238 334 1408 376 aratri:
1433 333 1489 387 33)
1540 334 1611 376 alii
1640 335 1958 390 Triptolemum,
1986 336 2041 393 ³4)
2092 338 2163 380 alii
2195 340 2291 382 Osi-

352 405 500 458 1111135)
533 404 698 454 volunt,
728 404 836 457 quod
866 404 999 457 magis
1028 415 1171 445 verum
1202 404 1285 452 est,
1303 401 1358 458 36)
1396 415 1494 444 nam
1521 403 1800 456 Triptolemus
1827 406 2035 448 frumenta
2065 407 2288 463 divisit.³⁷)

354 475 454 516 bene
471 472 526 529 38)
556 474 695 514 autem
724 471 925 528 tacuit39)
955 464 1190 513 de'nomine
1220 471 1262 512 et
1291 471 1542 525 generaliter
1573 472 1632 513 ait
1654 484 1791 523 paen
1830 487 1926 516 nam
1948 487 2029 516 non
2057 489 2162 517 unus
2194 489 2287 519 ara-

352 543 462 583 trum
491 542 579 583 toto
611 541 707 582 orbe
735 540 1000 590 monstravit,
1031 540 1103 582 sed
1137 539 1288 581 diversi
1313 539 1356 580 in
1387 533 1558 581 diversis
1586 539 1700 582 locis.

498 670 566 717 20)
597 669 635 707 et
662 669 846 706 teneram
862 666 918 720 4⁰)
943 666 995 707 ab
1023 665 1168 706 radice
1194 665 1334 718 ferens
1367 663 1541 706 Silvano
1568 679 1834 718 cupressum:
1869 667 2060 710 Silvanus
2091 669 2190 711 deus
2223 672 2286 711 est

353 736 558 777 silvarum.
618 734 684 775 1110
715 734 871 776 amavit
901 748 1074 787 puerum
1094 734 1359 788 Cyparissum
1390 733 1566 784 nomine,
1597 735 1666 788 qui
1696 735 1877 777 habebat
1909 737 2287 779 mansuetissimam

353 816 526 846 cervam.
594 803 701 843 hane
723 802 779 855 41)
819 815 912 844 cum
943 803 1136 845 Silvanus
1166 802 1330 843 nescius
1368 801 1605 853 occidisset,
1648 816 1749 856 puer
1780 805 1843 845 est
1882 804 2086 846 extinctus
2125 805 2286 855 (10101ος

351 1027 416 1061 1100
444 1026 602 1066 additur,
637 1024 748 1069 quod,
781 1025 970 1069 postquam
1007 1025 1167 1058 Minerva
1203 1022 1350 1058 inventa
1383 1023 1461 1057 olea
1485 1022 1692 1066 Neptunum
1716 1025 1858 1065 vicerit,
1898 1024 2043 1069 indigne
2068 1024 2184 1059 ferens
2211 1025 2286 1060 Ali-

351 1084 493 1118 sotheus
518 1083 674 1126 Neptuni
697 1082 792 1115 filius
819 1082 913 1116 oleas
940 1082 1055 1125 coepit
1081 1081 1255 1116 excidere:
1283 1080 1339 1114 0111
1365 1079 1447 1114 dum
1469 1080 1535 1114 1100
1558 1080 1645 1114 facit
1668 1081 1799 1116 ferrum
1824 1081 1866 1115 de
1891 1081 2075 1115 manubrio
2096 1082 2228 1116 decidit
2251 1083 2287 1118 et

351 1140 383 1175 01
405 1141 510 1183 caput
532 1140 741 1183 amputavit.
798 1140 986 1184 Neptunus
1011 1149 1092 1172 vero
1116 1138 1238 1172 dolens
1265 1137 1331 1172 filii
1356 1137 1412 1171 sui
1437 1137 1573 1171 obitum
1599 1137 1751 1172 Martem
1782 1138 1963 1172 homicidii
1988 1139 2103 1183 coepit
2126 1149 2286 1184 arguere.

350 1196 430 1231 inde
455 1196 614 1230 effectum
640 1199 708 1237 est,
733 1199 773 1231 ut
797 1197 890 1231 Mars
915 1199 950 1231 et
972 1196 1159 1240 Neptunus
1185 1196 1227 1230 de
1251 1196 1319 1229 hac
1342 1206 1380 1229 re
1402 1194 1570 1228 iudicium
1595 1195 1690 1239 apud
1714 1195 1871 1229 Athenas
1899 1195 2158 1238 experirentur,
2194 1196 2286 1230 unde

349 1253 444 1288 locus
468 1254 529 1288 ubi
551 1253 682 1288 iudices
717 1255 883 1289 sederunt
907 1254 1016 1287 Areos
1042 1264 1173 1298 pagos,
1206 1252 1338 1286 iudices
1362 1250 1633 1285 Atheniensium
1660 1252 1886 1297 areopagitae
1925 1252 2168 1296 (areopagithe
2195 1252 2285 1298 eod.)

348 1311 581 1354 appellantur.
607 1311 690 1344 add.
706 1311 740 1345 L
833 1313 890 1356 33)
920 1310 1035 1346 UNCI
1060 1311 1155 1345 curvi
1179 1309 1264 1343 add.
1290 1309 1325 1344 R
1394 1309 1453 1351 34)
1478 1309 1728 1352 treptolemum
1754 1309 1789 1342 B
1860 1309 1918 1352 35)
1937 1309 2045 1343 osirin
2064 1309 2098 1343 L
2169 1310 2227 1350 36)
2245 1312 2286 1345 ut

349 1367 436 1402 dicit
459 1368 662 1412 Propertius
687 1369 742 1403 vel
767 1368 928 1402 Tibullus
953 1368 1036 1402 add.
1064 1367 1110 1401 L.
1162 1369 1303 1411 (versus
1330 1365 1468 1400 Tibulli
1490 1371 1576 1400 sunt
1599 1366 1618 1400 I
1643 1367 1673 1407 7,
1701 1368 1745 1402 29
1762 1368 1852 1411 sqq.)
1953 1367 2012 1409 37)
2040 1366 2132 1410 quod
2158 1378 2285 1401 munus

350 1424 382 1459 ei
404 1425 507 1459 Ceres
533 1425 630 1460 dedit
653 1428 797 1469 propter
821 1425 1079 1459 humanitatem
1104 1425 1218 1469 patris
1242 1424 1353 1464 Icari,
1388 1422 1448 1467 qui
1473 1433 1568 1463 eam,
1602 1434 1679 1457 011111
1703 1424 1951 1468 Proserpinam
1975 1425 2115 1467 raptam
2141 1424 2177 1457 in
2204 1435 2285 1458 con-

351 1481 484 1526 iugium
527 1494 547 1517 a
592 1483 742 1517 Plutone
783 1485 980 1526 quaereret,
1023 1482 1060 1516 in
1107 1484 1236 1525 (supra
1266 1491 1407 1515 versum
1449 1479 1592 1514 addidit
1632 1491 1764 1515 acanus
1789 1481 1973 1523 secunda)
2009 1480 2130 1514 Attica
2169 1491 2286 1515 susce-

349 1539 403 1583 pit
440 1539 604 1583 hospitio.
677 1540 739 1574 alii
778 1540 886 1574 talem
929 1540 970 1573 de
1006 1539 1071 1573 1100
1110 1538 1327 1582 Triptolemo
1365 1537 1523 1571 fabulam
1565 1538 1730 1572 tradunt:
1771 1538 1877 1573 Ceres
1920 1549 1996 1572 cum
2037 1537 2286 1581 Proserpinam

349 1595 458 1629 filiam
485 1600 668 1640 quaereret
694 1598 738 1631 ad
766 1598 970 1631 Eleusinum
1004 1596 1215 1638 (aleusinum
1240 1595 1331 1638 cod.)
1366 1604 1486 1639 regem
1515 1593 1676 1635 devenit,
1712 1597 1810 1630 cuius
1835 1608 1920 1630 uxor
1946 1595 2114 1639 Cyntinia
2138 1606 2285 1638 puerum

349 1653 603 1697 Triptolemum
638 1654 721 1698 (trip
748 1653 952 1689 GEORGIC
976 1654 1146 1688 tolemum
1169 1653 1261 1698 cod.)
1296 1653 1482 1697 pepererat
1514 1654 1621 1695 (corr.
1644 1664 1688 1687 m.
1715 1665 1779 1688 800.
1807 1655 1955 1698 peperat
1979 1663 2024 1685 m.
2046 1653 2119 1694 pr.)
2135 1678 2143 1693 ,
2180 1663 2285 1696 seque

350 1710 520 1745 nutricem
544 1712 644 1755 pueri
669 1722 785 1745 amore
808 1711 913 1745 ducta
938 1711 1118 1745 simulavit
1143 1710 1306 1755 reginae3
1341 1709 1402 1743 sed
1426 1709 1546 1743 nutrix
1569 1712 1711 1754 recepta
1735 1720 1815 1746 cum
1844 1710 1951 1743 vellet
1976 1709 2157 1742 alumnum
2183 1720 2285 1743 suum

350 1768 571 1803 inmortalem
600 1768 799 1812 (inmortale
831 1768 921 1812 cod.)
954 1768 1099 1802 reddere
1130 1767 1286 1801 interdiu
1321 1777 1400 1800 eum
1437 1766 1527 1810 (cum
1554 1766 1645 1811 cod.)
1673 1767 1764 1801 laete
1792 1767 1910 1801 divino
1936 1766 2074 1805 alebat,
2108 1768 2215 1800 noctu
2247 1767 2285 1800 in

348 1826 465 1869 ignem
492 1827 580 1860 clam
605 1825 781 1861 obruebat.
829 1825 949 1870 itaque
974 1827 1114 1869 praeter
1141 1835 1245 1869 quam
1276 1824 1391 1858 solent
1414 1823 1582 1856 mortales
1609 1825 1797 1859 crescebat.
1846 1824 1882 1858 id
1907 1824 1956 1857 sic
1979 1824 2056 1858 fieri
2082 1835 2157 1858 cum
2183 1825 2286 1867 pater

349 1883 595 1925 admiraretur,
624 1885 794 1917 nocturno
818 1885 975 1926 tempore
1002 1882 1213 1922 observavit,
1237 1893 1314 1915 eum
1340 1881 1446 1915 Ceres
1469 1880 1578 1914 vellet
1599 1891 1744 1924 puerum
1769 1881 1807 1914 in
1835 1880 1949 1914 cinere
1976 1882 2010 1914 et
2036 1881 2071 1914 in
2096 1882 2179 1925 igne
2204 1880 2284 1914 abs-

349 1940 504 1974 condere.
553 1942 654 1984 patcr
687 1941 914 1981 exclamavit,
950 1941 1014 1974 illa
1038 1940 1131 1974 irata
1155 1939 1361 1972 Eleusinum
1387 1937 1618 1977 exanimavit,
1658 1938 1875 1981 Triptolemo
1909 1938 2049 1972 alumno
2083 1948 2144 1971 suo
2171 1939 2283 1971 aeter-

348 2007 430 2029 num
454 1997 658 2031 beneficium
685 1997 792 2031 dedit.
842 2009 923 2031 nam
952 1997 996 2031 ad
1022 1997 1141 2040 fruges
1166 1995 1359 2039 portandas
1377 2005 1515 2028 currum
1540 1994 1749 2029 draconibus
1774 1996 1888 2030 iunxit
1910 1995 2076 2038 deditque
2100 1994 2131 2027 ei
2157 1993 2283 2038 quibus

348 2053 409 2087 1110
434 2056 552 2087 vectus
579 2054 696 2089 orbem
721 2057 894 2088 terrarum
920 2053 1081 2098 frugibus
1113 2052 1280 2087 obseruit.
1330 2062 1433 2096 quem
1463 2053 1651 2095 postquam
1686 2052 1827 2086 domum
1860 2052 1967 2086 rediit
2001 2062 2077 2085 cum
2106 2051 2282 2095 Cephalus

349 2120 408 2143 rex
433 2110 627 2145 interficere
653 2111 838 2152 voluisset,
875 2123 911 2146 re
940 2111 1129 2154 (Mvmkerz'
1150 2110 1355 2144 coniectura
1378 2112 1446 2148 est,
1472 2119 1535 2152 per
1559 2108 1653 2151 cod.)
1690 2109 1831 2153 cognita
1853 2109 1951 2142 iussu
1978 2108 2115 2142 Cereris
2140 2108 2281 2152 Tripto-

349 2167 439 2202 lemo
468 2179 613 2213 regnum
641 2168 804 2208 tradidit,
848 2170 908 2213 qui
934 2170 1077 2212 accepto
1101 2178 1210 2212 regno
1235 2167 1403 2211 oppidum
1428 2167 1614 2200 constituit
1638 2168 1674 2200 et
1699 2176 1739 2200 ex
1768 2165 1881 2209 patris
1911 2167 2052 2200 nomine
2077 2165 2281 2199 Eleusinum

349 2225 544 2258 nominavit
583 2224 768 2268 Cererique
809 2236 906 2260 sacra
944 2226 1077 2270 primus
1120 2224 1294 2264 instituit,
1337 2233 1425 2267 quae
1465 2222 1699 2269 θεσμοφόρια
1741 2223 1985 2266 (thesmoforia
2026 2222 2116 2266 cod.)
2157 2232 2281 2267 graece

349 2280 522 2315 dicuntur.
571 2282 682 2315 Varro
708 2281 750 2315 de
773 2283 917 2317 scenicis
942 2283 1137 2327 originibus
1168 2281 1223 2315 vel
1254 2281 1289 2315 in
1316 2280 1445 2314 Scauro
1472 2280 1627 2324 (dicunt,
1652 2281 1692 2313 ut
1716 2280 1768 2314 ait
1792 2280 1903 2314 Varro
1931 2281 1973 2315 de
1999 2280 2144 2314 scenicis
2171 2279 2279 2323 origi-

349 2337 451 2371 nibus
478 2338 511 2371 ΙΙ
547 2340 582 2372 et
614 2338 650 2371 in
677 2337 804 2373 Scauro
836 2340 959 2383 scrips.
988 2340 1091 2374 Riese
1120 2339 1250 2383 fragm.
1283 2338 1388 2372 Varr.
1414 2341 1478 2371 sat.
1506 2337 1603 2371 Men.
1625 2347 1662 2379 p.
1687 2336 1767 2381 256)
1796 2337 2126 2381 Triptolemum
2160 2336 2281 2370 dicit

349 2394 567 2438 Nigidius
608 2395 831 2439 sphaerae
871 2397 1016 2437 (saferae
1060 2396 1151 2440 cod.)
1195 2395 1471 2430 barbaricae
1515 2394 1594 2428 sub
1636 2394 1842 2437 virginis
1877 2395 2011 2439 signo
2046 2396 2279 2428 aratorem

351 2462 478 2495 quem
503 2451 615 2486 Oron
650 2451 872 2496 Aegyptii
898 2455 1062 2497 (aratorq.
1091 2463 1237 2487 morona
1260 2452 1398 2497 egyptii
1421 2450 1497 2485 cod.
1546 2451 1591 2493 cf.
1619 2450 1754 2485 Herod.
1781 2451 1818 2485 11
1842 2451 1909 2486 144
1932 2455 1963 2485 et
1989 2451 2069 2493 156)
2092 2451 2276 2490 vocant,

349 2508 465 2552 quod
498 2509 614 2543 Oron
647 2508 855 2544 Osiridis
881 2509 1034 2543 filium
1067 2510 1121 2544 ab
1153 2510 1232 2544 hoc
1270 2508 1509 2543 educatum
1544 2509 1716 2543 dieunt.
1785 2519 1868 2553 ergo
1900 2508 2012 2543 Osiris
2046 2507 2277 2551 significatur,

349 2566 388 2598 ut
414 2565 708 2610 Philostephanus
733 2569 816 2612 περὶ
843 2566 1053 2613 εὑρημάτων
1078 2568 1166 2611 (peri
1191 2568 1394 2601 eurematon
1412 2566 1514 2611 eod),
1543 2567 1599 2600 vel
1615 2565 1840 2611 Epimenides
1859 2565 1919 2609 qui
1943 2564 2096 2609 buzyges
2120 2564 2277 2608 (buziges

348 2621 438 2665 cod.)
471 2622 584 2656 dictus
613 2624 667 2657 est
702 2622 891 2657 secundum
916 2623 1142 2658 Aristotelem
1167 2623 1387 2665 (aristotelen
1420 2623 1511 2668 cod.)
1544 2623 1628 2657 add.
1654 2622 1688 2657 L
1781 2622 1838 2665 38)
1877 2621 2115 2657 bene—loeis
2149 2632 2214 2656 om.
2243 2621 2278 2655 L

348 2677 405 2720 39)
432 2677 548 2712 docuit
572 2679 606 2713 B
633 2698 636 2701 >
676 2680 733 2722 40)
759 2678 982 2714 'PENEREM
1005 2680 1039 2714 L
1108 2681 1167 2725 41)
1191 2681 1273 2715 111110
1297 2679 1342 2715 L.
