2424 3201
2013 238 2071 280 25⁷

268 356 340 410 92)
368 369 420 398 ne
449 358 591 398 tennes
613 356 815 409 pluviae:
859 358 931 398 aut
961 356 1100 399 lentae
1121 358 1172 407 78)
1207 359 1248 399 et
1266 358 1319 412 79)
1349 360 1646 413 penetrabiles,
1683 363 1755 403 aut
1785 361 1998 414 epitheton
2013 363 2068 415 80)

118 427 183 468 est
215 439 427 479 aquarum.
445 426 501 480 8¹)
563 426 622 467 sic
650 425 749 467 alibi
779 423 857 481 (IV
888 430 990 477 410)
1022 428 1099 466 aut
1131 427 1177 467 in
1209 441 1346 479 aquas
1377 431 1517 470 tennes
1547 428 1745 481 delapsas
1774 430 1917 471 abibit.
1936 430 1992 484 82)

264 514 338 570 92)
371 517 448 555 ant
475 514 640 555 Boreae
666 514 928 566 penetrabile
955 515 1098 567 frique
1130 516 1312 556 adm-at:
1343 516 1504 557 adurat
1534 518 1575 558 et
1603 517 1655 558 ad
1686 517 1816 559 solem
1848 520 1889 559 et
1922 519 1973 559 ad
1994 519 2069 560 fri-

119 595 197 637 gus
228 583 433 636 pertinet;
465 596 561 624 nam
596 595 677 624 uno
709 595 898 624 sermone
930 584 1009 625 duo
1041 583 1205 625 diversa
1239 584 1462 633 conclusit,
1493 597 1596 637 quae
1624 586 1766 626 tamen
1795 600 1924 628 unum
1945 589 2069 630 effec-

120 652 209 692 tum
239 651 407 694 habent.
478 664 575 693 nam
604 653 645 692 et
676 651 842 705 frigoris
874 651 1037 707 11111383)
1071 653 1134 693 est
1165 652 1313 694 caloris
1339 653 1525 699 initium,
1566 655 1607 694 et
1638 667 1823 696 summus
1854 655 1965 697 calor
1996 657 2070 697 fri-

117 719 230 774 goris
261 721 325 761 est
354 719 623 773 principium:
641 719 694 769 84)
725 720 833 762 unde
866 719 984 773 quasi
1014 733 1120 761 unus
1152 721 1322 762 effectus
1354 723 1417 763 est
1447 723 1488 763 et
1517 721 1682 775 frigoris
1714 723 1755 763 et
1786 723 2020 779 031011385)

264 808 335 861 94)
365 809 548 850 rastris:
592 810 634 849 et
667 809 742 850 hos
782 811 940 850 rastros
981 808 1154 849 dicimus
1185 810 1227 850 et
1257 810 1359 851 haec
1389 812 1537 851 rastra.
1598 810 1776 864 legimus
1811 812 1920 853 enim
1952 815 1998 854 at
2014 813 2070 870 8⁶)

118 877 222 919 istos
251 879 417 918 rastros
454 877 619 917 interea
661 876 817 927 clepoofze,
836 875 890 931 87)
928 876 971 917 in
1007 877 1200 918 Terentio
1236 879 1403 929 (Heaut.
1435 878 1538 920 Tim.
1572 879 1591 919 I
1621 884 1656 928 1,
1690 884 1742 920 36
1773 881 1929 933 Fleck.)
1967 882 2069 924 item

118 945 243 997 (Stat.
276 946 403 987 Theb.
426 947 489 987 ΠΙ
522 945 623 999 589)
653 947 880 996 rastraque
910 947 948 985 et
966 945 1018 995 88)
1050 946 1217 986 ineam-i
1248 958 1418 986 saevam
1450 946 1626 987 rubuere
1647 948 1701 1002 89)
1733 948 1902 1000 Myones.
1923 950 1976 997 90)
2029 952 2071 992 et

118 1016 268 1055 rastra
299 1015 408 1056 dicta
442 1014 606 1067 quia91)
639 1015 793 1054 terram
823 1013 987 1054 radunt.
1007 1013 1059 1064 99)
1094 1013 1237 1066 ylebas
1254 1014 1308 1066 93)
1342 1013 1519 1055 inertes:
1537 1016 1591 1065 94)
1621 1016 1774 1070 pigras,
1800 1017 1903 1058 nihil
1926 1030 2069 1059 crean-

117 1083 194 1123 tes.
257 1083 298 1123 et
315 1082 368 1134 ⁹⁵)
396 1083 548 1124 transit
577 1083 627 1124 ad
658 1081 771 1123 aliud
800 1083 1078 1135 praeceptum.

265 1159 338 1215 95)
367 1160 655 1212 vimineasque
686 1160 822 1201 trahit
853 1161 1082 1215 erate3:⁹⁶)
1115 1161 1165 1203 ad
1193 1174 1386 1215 agrorum
1418 1161 1576 1204 scilicet
1607 1164 1956 1217 exaequationem.
1975 1164 2029 1220 97)

266 1243 336 1291 96)
362 1239 479 1291 flava
524 1238 670 1282 Ceres:
720 1241 829 1282 flava
868 1241 1018 1282 dicitur
1056 1243 1224 1295 propter
1268 1240 1491 1283 aristarum
1507 1242 1561 1297 98)
1589 1244 1887 1286 maturitatem.
1913 1245 1967 1298 99)
2030 1247 2071 1287 et

123 1307 245 1350 Ceres
276 1315 426 1349 nomen
459 1309 533 1357 est,
568 1309 676 1362 quod
704 1309 747 1350 in
778 1309 1049 1363 polysyllabis
1069 1311 1142 1361 l0⁰)
1175 1310 1217 1351 in
1238 1311 1492 1352 nominativo
1517 1311 1718 1366 singulari
1746 1313 1937 1365 producit
1969 1314 2070 1355 ulti-

117 1390 249 1425 mam,
284 1389 374 1418 cum
403 1376 445 1417 in
479 1377 655 1430 obliquis
689 1377 895 1430 corripiat.
916 1379 948 1428 1)
990 1392 1120 1431 neque
1136 1380 1168 1433 2)
1201 1380 1483 1431 nequiquam:
1503 1379 1533 1431 3)
1572 1380 1597 1420 i.
1629 1393 1661 1421 e.
1696 1393 1777 1421 non
1808 1381 1895 1422 sine
1926 1394 2069 1430 causa3

117 1459 215 1487 nam
250 1457 410 1498 semper
440 1445 544 1487 duae
574 1446 796 1500 negativae
825 1460 952 1487 unam
967 1446 1001 1501 4)
1031 1447 1362 1489 confirmativam
1402 1448 1571 1489 faciunt.
1623 1449 1732 1489 unde
1755 1448 1863 1490 male
1903 1449 2070 1502 quidam

115 1514 255 1556 locum
284 1514 402 1555 illum
433 1514 579 1568 legunt
609 1515 651 1555 in
682 1515 875 1556 Terentio
909 1515 1055 1568 (Andr.
1088 1516 1128 1556 Π
1161 1520 1197 1565 3,
1232 1520 1283 1556 29
1319 1514 1476 1571 Fleck.)
1501 1518 1629 1568 pater
1659 1517 1795 1565 adest,
1828 1530 1923 1558 eave
1954 1531 2004 1558 ne
2034 1521 2071 1558 te

115 1680 193 1721 hic3
230 1679 379 1714 dicimus
413 1680 507 1715 enim
540 1683 576 1714 et
607 1680 693 1714 duro
728 1681 763 1713 et
795 1679 917 1720 duror3
961 1679 1046 1713 duro
1081 1679 1292 1714 neutraliter
1329 1680 1365 1713 et
1399 1678 1505 1712 dureo
1533 1679 1633 1721 [duro
1669 1681 1879 1715 neutraliter
1905 1683 1939 1715 et
1965 1681 2071 1715 dureo

115 1737 246 1772 desumt
280 1737 320 1770 in
343 1737 403 1779 R).
453 1736 660 1775 HIANTES
688 1739 829 1781 apert-as
860 1739 896 1771 et
921 1738 1098 1780 patentes.
1154 1736 1240 1771 add.
1275 1736 1310 1771 R
1335 1737 1379 1770 H
1400 1748 1440 1770 m.
1467 1747 1532 1770 see.
1567 1740 1588 1770 i.
1618 1747 1726 1779 mara
1822 1738 1877 1773 78)
1912 1738 2008 1772 lente
2047 1742 2079 1770 Γ

119 1795 176 1836 79)
206 1794 279 1828 sive
313 1797 345 1825 V
434 1794 491 1829 80)
519 1794 679 1838 epiteton
704 1798 749 1835 P,
776 1794 987 1838 epithethon
1013 1794 1047 1828 L
1142 1796 1198 1833 81)
1228 1805 1339 1838 aquae
1365 1795 1459 1829 enim
1484 1794 1697 1828 naturaliter
1719 1796 1844 1828 tenues
1871 1798 1954 1829 sunt
1990 1795 2072 1830 add.

116 1851 152 1886 R
176 1852 222 1885 H
239 1863 281 1885 m.
312 1863 374 1886 sec.
400 1851 424 1884 i.
452 1862 562 1895 mary.
658 1852 716 1893 82)
735 1852 798 1886 alii
823 1854 985 1886 tenues
1009 1852 1155 1886 inutiles
1181 1852 1321 1885 ieiunae
1346 1861 1494 1889 macrae,
1522 1849 1649 1894 quibus
1668 1853 1882 1886 contrarium
1908 1854 2070 1898 pingues,

114 1911 155 1943 ut
180 1911 235 1943 est
261 1908 311 1953 (II
337 1909 414 1952 180)
441 1910 603 1943 tenuis
629 1909 709 1944 ubi
734 1909 921 1954 argilla.
970 1908 1146 1943 ACRIOR
1169 1920 1232 1953 pro
1259 1908 1365 1948 acris,
1396 1909 1437 1941 ut
1463 1907 1568 1951 (Aen.
1597 1908 1648 1941 VI
1672 1908 1754 1951 304)
1788 1909 1875 1943 iam
1900 1911 2070 1945 senior.

116 1965 199 1999 add.
226 1965 276 2005 L,
303 1965 469 2001 RAPIDI
495 1967 623 2001 fervidi
651 1969 687 2002 et
711 1966 881 2001 ardent-is.
930 1965 1107 2000 ACRIOR
1132 1965 1294 1999 validior.
1343 1963 1529 1999 BOREAE
1563 1965 1660 1998 venti
1692 1966 1879 2009 aquilonis.
1929 1967 2070 2001 PENE-

117 2022 321 2057 TRABILE
347 2023 519 2059 FRIGUS
546 2024 639 2069 quod
665 2025 783 2058 omnia
809 2025 985 2068 penetrat.
1012 2022 1097 2056 add.
1124 2022 1161 2057 R
1183 2023 1229 2056 H
1258 2034 1301 2056 m.
1329 2033 1393 2056 sec.
1427 2022 1451 2055 i.
1482 2032 1592 2065 marg).
1713 2023 1770 2067 83)
1804 2023 1947 2068 frigoris
1973 2024 2068 2070 finis]

115 2079 230 2124 frigus
256 2084 285 2113 B
377 2082 435 2125 84)
461 2082 603 2115 initium
630 2086 658 2114 B
752 2082 811 2124 85)
836 2081 902 2115 hoc
930 2083 984 2114 est
1012 2079 1105 2124 qnod
1130 2079 1255 2114 Graeci
1281 2079 1403 2113 dicunt
1429 2077 1621 2125 ἀκρότητες
1649 2077 1818 2120 ἰσότητες.
1867 2081 2073 2117 MULTUM

118 2135 266 2170 ADEO:
309 2136 393 2170 ordo
420 2140 496 2172 est:
542 2139 694 2172 multum
720 2137 806 2172 adeo
831 2138 932 2171 iuvat
957 2148 1052 2171 arva.
1102 2137 1187 2171 add.
1214 2137 1268 2175 L,
1305 2135 1431 2170 ADEO
1469 2134 1571 2168 valde
1596 2133 1681 2168 add.
1708 2135 1744 2170 R
1860 2138 1917 2181 86)
1946 2138 1991 2173 ad
2015 2142 2072 2172 ΡΙ,

119 2194 177 2236 87)
202 2193 337 2227 interea
363 2193 498 2238 depone
523 2206 590 2229 om.
618 2199 645 2228 B
752 2195 810 2239 88)
837 2205 903 2228 om.
930 2194 964 2227 L
1083 2194 1141 2237 89)
1169 2194 1294 2229 rubere
1323 2197 1350 2226 P
1453 2193 1510 2233 90)
1537 2192 1696 2237 legiones
1722 2197 1782 2227 BR
1897 2196 1954 2230 91)
1981 2195 2074 2239 quod

119 2252 178 2282 BL
284 2250 343 2294 92)
371 2250 500 2286 radant
529 2256 555 2285 B
665 2252 723 2293 93)
750 2251 875 2295 gleuas
908 2254 940 2282 V
1042 2252 1100 2295 94)
1124 2252 1145 2285 1,
1174 2263 1200 2286 e.
1228 2251 1314 2285 add.
1341 2254 1368 2283 B
1479 2249 1537 2291 95)
1564 2251 1600 2283 et
1623 2251 1756 2284 transit
1781 2250 1825 2284 ad
1851 2251 1948 2285 aliud
1973 2263 2074 2296 prae-

119 2308 261 2350 ceptum
288 2317 355 2340 om.
383 2307 419 2342 R
540 2309 597 2353 96)
622 2308 861 2342 instrumenta
886 2309 1020 2343 rustica
1046 2308 1128 2342 add.
1155 2309 1191 2344 R
1319 2309 1377 2353 97)
1405 2306 1691 2350 exsequationem
1717 2311 1755 2341 P.
1821 2319 1924 2352 quam
1950 2309 2075 2344 rustici

118 2362 263 2406 irpicem
288 2364 449 2408 (ispicem
475 2364 566 2403 cod.)
592 2367 730 2399 vocant.
777 2365 924 2400 IUVAT
949 2366 1004 2400 vel
1030 2366 1176 2400 adiuvat
1208 2366 1265 2400 vel
1288 2366 1390 2410 quasi
1415 2365 1581 2398 delectat.
1615 2363 1700 2397 add.
1727 2367 1774 2404 L,
1802 2367 1838 2399 et
1863 2366 1920 2399 1110
1943 2366 2076 2400 transit

119 2419 165 2454 ad
189 2419 287 2454 aliud
312 2423 551 2465 praeceptum.
591 2422 675 2456 add.
695 2421 730 2455 R
824 2420 884 2465 98)
908 2424 1099 2458 aristarum
1124 2423 1381 2467 maturitatem]
1411 2422 1601 2456 aristarum
1627 2421 1779 2455 colorem
1802 2422 1839 2455 in
1867 2423 2076 2458 maturitate

126 2480 184 2509 ΓΖ
278 2479 336 2522 99)
361 2477 483 2514 ALTO
509 2482 629 2514 autem
655 2478 847 2514 OLYMPO
874 2481 936 2513 aut
962 2481 1098 2524 poetice
1123 2480 1257 2514 dictum
1284 2480 1326 2514 de
1353 2480 1449 2514 caelo
1475 2478 1529 2513 illi
1552 2477 1670 2512 favere
1697 2478 1880 2519 Cererem,
1911 2482 1973 2513 aut
1994 2491 2074 2514 vere

119 2534 231 2568 altam
257 2537 413 2579 segetem
439 2546 532 2575 esse,
559 2548 629 2571 non
653 2536 765 2581 paleis
790 2539 932 2571 tant-um
956 2538 1116 2575 inanem,
1146 2537 1208 2571 sed
1234 2547 1379 2581 gravem
1403 2529 1611 2576 frumento}
1627 2546 1709 2569 nam
1734 2535 1812 2570 ideo
1838 2537 1968 2571 flava
1993 2538 2074 2571 Ce-

120 2602 199 2625 res.
251 2590 335 2624 add.
361 2595 388 2624 L
497 2594 576 2638 100)
612 2594 835 2638 polysillabis
862 2598 938 2634 PL,
978 2593 1199 2638 polosillauis
1232 2597 1280 2634 Γ,
1316 2593 1530 2637 polisillabis
1566 2596 1593 2625 B
1715 2594 1747 2636 1)
1784 2593 1906 2629 ALTO
1933 2594 1975 2628 de
2000 2594 2074 2628 alto

121 2647 206 2682 add.
234 2648 278 2681 H
300 2659 343 2681 m.
369 2659 432 2684 sec.
460 2650 484 2684 i.
512 2662 622 2695 nefaaery.
727 2653 761 2689 2)
788 2663 852 2688 01η,
888 2654 944 2684 VL
1046 2651 1080 2693 3)
1107 2649 1342 2694 nequicquam
1375 2653 1454 2689 ΓΖ,
1496 2660 1609 2693 neque
1634 2661 1738 2693 quam
1769 2654 1794 2682 B
1895 2651 1931 2692 4)
1966 2661 2075 2684 unum

121 2704 403 2739 confirmativum
429 2710 459 2739 P

1585 2770 1609 2805 4
