2424 3201
2014 228 2064 270 11

260 349 330 403 28)
360 354 556 394 materna
571 352 601 403 5)
632 354 766 405 myrto
780 364 794 392 :
809 352 840 404 6)
872 364 978 406 quae
999 352 1041 394 in
1060 353 1088 403 7)
1119 353 1274 394 honore
1291 352 1320 402 8)
1352 353 1416 393 est
1438 351 1611 392 Veneris
1644 364 1667 393 a
1696 365 1777 405 qua
1798 351 2014 407 Augustus
2033 353 2063 405 9)

110 422 311 476 originem
341 421 466 464 ducit.
488 421 540 473 1⁰)

259 506 327 551 30)
357 500 540 541 numina
565 500 657 542 sola
678 500 839 542 colant:
857 502 908 550 11)
939 514 1113 555 magna,
1134 502 1184 549 12)
1217 501 1335 553 quasi
1363 499 1508 541 melior
1542 499 1596 540 sit
1614 498 1665 550 13)
1696 499 1860 541 futurus
1884 502 1925 541 et
1950 500 2064 554 Nep-

109 571 211 612 tuno
244 570 286 611 et
313 569 461 611 ceteris
485 569 562 611 diis
592 569 775 611 marinis.
838 569 1052 622 :layca-¹4)
1083 568 1289 618 1113111315)
1321 570 1384 609 est
1416 568 1570 609 Oceani
1597 568 1707 608 inter
1743 569 2064 620 septemtriona-

109 638 190 680 lem
222 640 263 678 et
295 638 594 680 occidentalem
626 638 796 692 plagam
823 638 935 680 ultra
965 637 1291 686 Britanniamlss)
1321 636 1567 677 Hiberniam
1596 636 1822 678 Orchadas.
1842 636 1897 691 ¹⁷)

258 717 330 767 31)
360 712 513 770 Tethys
549 719 660 758 emat
697 717 891 759 omnibus
931 717 1086 758 mades:
1135 716 1363 770 Thetysffl)
1399 717 1462 757 est
1500 728 1605 756 uxor
1645 715 1818 765 Oceani,
1860 717 2064 770 nympha-

108 799 202 827 rum
219 787 272 838 20)
305 788 451 828 mater.
506 786 615 839 quod
637 788 777 828 autem
809 787 868 827 ait
893 788 1024 835 emat,
1057 786 1108 827 ad
1131 785 1347 837 antiquum
1364 783 1418 838 2¹)
1450 784 1688 837 nuptiarum
1711 784 1893 836 pertinet
1923 785 2063 836 ritum,

109 868 188 908 quo
221 868 264 896 se
294 855 468 906 maritus
500 856 542 895 et
562 867 664 895 uxor
692 855 872 897 invicem
903 855 1117 901 emebant,
1135 853 1190 907 22)
1221 853 1327 894 sicut
1356 853 1556 894 habemus
1586 853 1627 892 in
1656 852 1756 894 iure.
1774 853 1828 905 23)

255 935 328 991 32)
361 935 501 976 tardis
533 934 654 976 sidus
684 937 721 975 te
747 935 960 975 mensibus
993 934 1150 975 addas:
1182 935 1206 974 i.
1238 946 1270 974 e.
1304 932 1484 974 aestivis.
1501 931 1556 987 21)

248 1096 282 1137 5)
316 1094 585 1128 MATERNAM
616 1095 651 1129 L
754 1098 792 1141 6)
818 1097 924 1130 mirto
952 1095 1005 1135 P,
1040 1093 1190 1128 MIRTO
1216 1093 1251 1127 L
1358 1093 1392 1131 7)
1428 1095 1483 1126 est
1509 1092 1545 1125 in
1570 1091 1701 1125 honore
1728 1091 1764 1125 P
1859 1093 1892 1131 8)
1920 1099 2063 1123 onorem

108 1152 143 1186 L
238 1154 273 1195 9)
310 1155 472 1186 accustus
498 1156 526 1185 L
624 1156 680 1197 10)
715 1164 777 1197 per
802 1153 929 1187 Gaium
956 1153 1156 1186 Caesarem.
1206 1150 1271 1184 AN
1304 1149 1427 1185 DEUS
1459 1150 1483 1182 i.
1512 1160 1541 1183 e.
1577 1160 1622 1182 an
1653 1160 1716 1192 pro
1743 1149 1911 1192 Neptuno
1938 1147 2063 1181 colite

108 1210 196 1244 velis
233 1212 269 1244 et
302 1209 505 1244 INMENSI
535 1210 680 1244 MARIS
716 1211 813 1244 cuius
846 1220 1010 1244 mensura
1045 1220 1115 1243 non
1150 1210 1270 1252 potest
1305 1206 1566 1250 comprehendi.
1633 1205 1806 1240 VENIAS
1843 1207 1961 1238 aut-em
1998 1205 2063 1239 ali-

108 1268 235 1311 quanti
259 1268 383 1311 (aliqui
409 1268 624 1310 Masm'ez'us)
654 1279 717 1312 pro
741 1268 790 1302 sis
816 1267 1006 1311 accipiunt,
1033 1278 1073 1301 ac
1098 1267 1128 1300 si
1153 1277 1279 1311 graece
1305 1267 1428 1309 (grege
1451 1263 1543 1300 cod.)
1570 1262 1702 1298 diceret
1727 1262 1817 1296 οὖσα
1845 1262 1918 1295 31νο
1946 1260 2064 1307 ὑπάρ-

101 1335 243 1368 χουσα,·
280 1325 331 1358 ire
358 1326 445 1368 (irae
469 1325 560 1368 cod.)
590 1328 725 1359 veteres
759 1337 823 1369 pro
850 1336 924 1359 esse
952 1324 1128 1358 dicebant.
1174 1323 1257 1357 cedd.
1285 1326 1313 1355 L
1387 1323 1442 1358 11)
1469 1320 1658 1355 COLUNT
1684 1322 1728 1358 L,
1756 1319 1796 1351 in
1819 1329 1890 1362 quo
1912 1317 2064 1352 additur

108 1381 184 1415 sola
281 1382 337 1425 12)
378 1383 568 1427 praecipua
594 1384 617 1417 i.
645 1395 674 1417 e.
702 1394 809 1427 supra
834 1383 923 1417 alios
957 1382 1040 1416 deos
1074 1382 1230 1415 marinos
1265 1380 1349 1413 add.
1385 1382 1412 1411 L
1511 1380 1565 1412 13,
1603 1377 1650 1410 sis
1689 1376 1724 1409 V
1816 1376 1869 1410 14¹1
1902 1375 1992 1409 thile
2034 1375 2068 1409 V

108 1440 165 1481 15)
201 1438 317 1473 insola
341 1440 376 1472 B
474 1443 528 1484 16)
564 1441 776 1476 brittaniam
801 1440 893 1479 PV,
927 1439 1163 1473 brittanniam
1190 1437 1262 1471 BL
1360 1437 1415 1476 17)
1451 1438 1485 1469 et
1511 1434 1710 1468 hiberniam
1743 1435 1778 1466 et
1805 1432 1975 1466 orchadas
2014 1432 2061 1473 B,

106 1496 200 1530 inter
225 1496 423 1531 hiberniam
449 1500 485 1532 et
510 1499 655 1533 orcadas
688 1499 735 1538 V,
777 1498 876 1531 iuxta
910 1495 1080 1530 orchadas
1108 1498 1142 1529 et
1167 1494 1365 1528 iuuerniam
1391 1496 1435 1533 L,
1479 1491 1541 1535 qm·
1564 1489 1667 1524 addit
1695 1490 1732 1523 in
1755 1489 1822 1522 hac
1848 1488 1958 1532 Thyle
1985 1489 2063 1529 (tile

104 1554 193 1598 cod)
225 1565 302 1588 cum
328 1555 380 1588 sol
406 1555 443 1588 in
469 1567 592 1590 cancro
620 1558 673 1590 est
698 1555 774 1591 dies
801 1554 988 1589 continuus
1018 1553 1094 1586 sine
1118 1552 1282 1586 noctibus
1307 1562 1382 1585 esse
1405 1549 1546 1583 dicitur.
1596 1547 1709 1581 multa
1742 1546 1927 1589 praeterea
1954 1545 2061 1579 mira-

107 1611 185 1645 cula
205 1611 246 1645 de
271 1612 336 1646 hac
359 1612 478 1646 insula
503 1612 676 1654 feruntur,
699 1614 790 1647 sicut
817 1611 911 1656 apud
938 1610 1090 1644 Graecos
1116 1610 1255 1644 Ctesias
1282 1609 1426 1651 (etesias
1454 1605 1544 1640 σοίῑ.)
1573 1606 1609 1638 et
1632 1604 1822 1646 Diogenes,
1849 1602 1944 1646 apud
1961 1602 2061 1636 Lati-

105 1679 169 1703 nos
196 1669 438 1705 Sammonicus
467 1671 565 1705 dicit.
614 1671 654 1704 in
685 1670 860 1705 Vaticano
887 1669 972 1702 haee
995 1667 1126 1701 addita
1150 1671 1236 1701 sunt
1262 1668 1298 1700 et
1324 1666 1446 1700 aliter:
1484 1662 1607 1696 Insula
1632 1661 1670 1694 in
1705 1670 1833 1693 oceano
1858 1660 1986 1693 ultima
2023 1660 2060 1693 in

106 1737 175 1770 qua
200 1737 278 1760 cum
304 1728 358 1761 sol
384 1729 421 1762 in
447 1739 570 1762 cancro
603 1731 656 1762 est
680 1726 843 1771 perpet-ui
872 1726 946 1759 dies
979 1727 1054 1760 sine
1080 1725 1243 1759 noctibus
1271 1734 1346 1758 esse
1376 1723 1552 1756 dicuntur.
1576 1729 1667 1761 qaae
1696 1717 1930 1761 Philarryyrio
1955 1717 2060 1760 molyo

105 1785 358 1820 attribuuntur
453 1786 509 1821 19>
536 1785 647 1819 thetis
674 1783 781 1817 PVL
854 1783 911 1823 20)
936 1783 1129 1816 nimfarum
1156 1781 1271 1815 PBV
1360 1780 1417 1822 21)
1455 1776 1617 1820 antiqum
1645 1778 1672 1806 L
1768 1775 1826 1816 22)
1856 1774 2061 1808 coemebant

106 1842 143 1875 P
234 1843 291 1883 23)
318 1842 432 1876 tribus
459 1842 552 1876 enim
579 1842 692 1876 modis
717 1841 811 1885 apud
837 1842 973 1874 veteres
998 1840 1145 1883 nuptiae
1170 1838 1323 1872 fiebant:
1358 1847 1444 1875 usu,
1480 1835 1510 1868 si
1538 1833 1637 1868 verbi
1661 1833 1780 1877 gratia
1803 1831 1930 1865 mulier
1965 1831 2060 1875 (gra-

104 1899 157 1933 tia
186 1899 294 1943 {mlier
320 1900 410 1943 cod.)
438 1910 529 1933 anno
556 1910 624 1933 uno
651 1910 729 1932 cum
756 1899 831 1931 viro
859 1897 944 1931 licet
970 1897 1044 1931 sine
1071 1897 1211 1941 legibus
1238 1895 1382 1928 fuisset:
1419 1892 1532 1927 farre.
1567 1901 1645 1924 cum
1669 1900 1732 1933 per
1755 1888 1959 1933 pontificem
1986 1897 2060 1920 ma-

105 1955 237 1989 ximum
274 1958 310 1990 et
336 1956 466 1991 dialem
498 1956 679 1990 flaminem
712 1967 774 2000 per
799 1955 920 1998 fruges
945 1956 981 1987 et
1005 1953 1135 1987 molam
1168 1952 1299 1985 salsam
1335 1948 1661 1993 coniungebantur,
1699 1946 1791 1979 unde
1826 1942 2060 1979 confarreatio

106 2013 374 2057 appellabatur,
407 2025 447 2048 ex
473 2012 601 2058 quibus
625 2013 763 2057 nuptiis
789 2012 934 2056 patrimi
970 2013 1003 2044 et
1028 2009 1186 2043 matrimi
1219 2008 1478 2042 nascebantur:
1513 2004 1732 2048 coemptione
1769 2013 1850 2035 vero
1881 2003 1988 2045 atque
2022 2000 2060 2033 in

106 2081 249 2104 manum
275 2072 526 2111 conventione,
564 2082 643 2105 cum
674 2071 739 2104 illa
776 2071 815 2104 in
839 2069 934 2103 filiae
970 2067 1106 2107 locum,
1141 2066 1290 2100 maritus
1324 2065 1361 2098 in
1386 2064 1500 2108 patris
1530 2062 1712 2102 veniebat,
1749 2062 1789 2093 ut
1815 2058 1926 2102 siquis
1964 2057 2061 2101 prior

104 2127 233 2161 fuisset
257 2128 444 2163 defunctus
469 2128 585 2162 locum
610 2128 820 2162 hereditatis
846 2127 979 2160 iustum
1006 2125 1111 2159 alteri
1126 2124 1269 2158 faceret.
1310 2125 1345 2156 et
1369 2121 1458 2156 benc
1485 2120 1685 2159 serviat,
1711 2118 1794 2163 quia
1821 2124 2060 2160 quaecumque

105 2185 143 2219 in
169 2196 313 2219 manum
341 2188 569 2226 convenerat,
614 2185 731 2219 omnia
756 2184 919 2228 protinus
945 2193 1034 2226 quae
1067 2181 1143 2215 doti
1178 2180 1386 2214 dicebantur
1421 2177 1549 2211 marito
1583 2174 1752 2209 serviant.
1802 2172 1893 2206 hanc
1919 2171 2060 2214 Tethyn

106 2242 228 2278 Cicero
254 2244 290 2277 in
315 2243 460 2278 Timaeo
485 2242 661 2277 Salaciam
697 2242 794 2276 dicit.
834 2250 1053 2286 generum
1088 2249 1168 2272 vero
1193 2248 1257 2282 pro
1282 2237 1410 2270 marito
1446 2234 1601 2279 positum
1627 2230 1733 2264 multi
1757 2229 1938 2273 accipiunt
1961 2228 2061 2262 iuxta

107 2299 250 2344 Sappho
268 2311 357 2345 quae
380 2301 416 2334 in
431 2300 522 2335 libro
541 2301 601 2345 qui
618 2299 824 2334 inscribitur
854 2296 1034 2334 <scribitur
1047 2296 1138 2331 cod.)
1167 2293 1410 2338 ἐπιθαλάμια,
1440 2291 1664 2336 (epithalami
1681 2288 1772 2332 cod.)
1799 2287 1850 2320 ait
1875 2288 1951 2329 (ant
1967 2285 2060 2327 cod.)

101 2361 209 2404 χαῖρε
235 2356 382 2403 νύμφα,
406 2362 516 2405 χαῖρε
547 2361 645 2403 τίμιε
666 2359 756 2402 (ἰμιε
781 2355 873 2397 cod.)
909 2355 1049 2400 γαμβρὲ
1086 2350 1227 2387 πολλά·
1275 2351 1357 2384 ἀντὶ
1391 2353 1450 2382 τοῦ
1476 2353 1622 2395 νυμφίε,
1671 2347 1720 2380 sic
1745 2347 1780 2379 et
1813 2343 1989 2377 Pindarus
2014 2344 2060 2376 ’ἐν

106 2418 179 2452 τοῖς
204 2419 360 2449 παιᾶσιν
387 2418 566 2457 (ιταιασιν
591 2414 668 2449 cod.
695 2417 863 2459 ἰσθμίοις
887 2411 979 2455 edd.)
1004 2409 1089 2444 add.
1116 2412 1154 2442 L.
1202 2406 1414 2444 OMNIBUS
1441 2406 1587 2441 UNDIS
1615 2404 1711 2439 omni
1736 2402 1844 2441 mari,
1869 2403 1910 2435 ut
1933 2400 2059 2434 videli-

108 2473 164 2505 cet
198 2471 308 2506 totius
342 2472 449 2506 maris
474 2474 509 2506 et
535 2471 692 2506 omnium
717 2481 889 2515 aquarum
916 2469 964 2503 sis
990 2467 1075 2501 deus
1110 2465 1195 2500 add.
1223 2465 1259 2499 R
1353 2464 1411 2508 24)
1443 2464 1499 2497 vel
1530 2463 1622 2508 quia
1647 2463 1750 2505 optat
1782 2461 1822 2493 ut
1856 2458 1917 2493 <liu
1947 2458 2059 2496 vivat,

107 2529 163 2563 vel
190 2529 273 2573 quia
296 2530 395 2574 virgo
420 2532 457 2563 et
481 2528 574 2563 libra
601 2526 842 2575 δυςαναῳορά
870 2525 1132 2571 (dysanaphora
1149 2523 1239 2566 cod.)
1267 2522 1290 2555 i.
1316 2533 1345 2556 e.
1371 2522 1472 2556 tarde
1499 2519 1650 2554 orientia
1677 2517 1854 2551 dicuntur.
1905 2518 1941 2549 et
1965 2517 2059 2548 tar-

108 2586 181 2620 dis
212 2597 257 2620 an
289 2587 372 2632 quia
406 2597 511 2621 aureo
539 2585 678 2620 saeculo
711 2585 890 2629 longiores
916 2583 990 2617 djes
1016 2581 1182 2615 dicuntur
1206 2579 1333 2619 fuisse,
1373 2589 1419 2613 an
1450 2579 1531 2623 post
1553 2576 1684 2610 multos
1706 2573 1899 2616 tardosque
1921 2581 2059 2605 menses

108 2645 148 2677 ut
173 2643 258 2678 deus
279 2643 354 2683 fiat,
382 2654 427 2677 an
452 2643 490 2677 id
516 2644 560 2688 (it
575 2641 666 2686 cod.)
694 2643 773 2676 aut
797 2639 1031 2684 incipient
1055 2637 1204 2681 magni
1230 2637 1484 2681 procedere
1514 2644 1632 2668 mens
1647 2643 1691 2666 es
1718 2630 1813 2676 (Ecl.
1832 2630 1882 2663 IV
1903 2631 1971 2669 121,
1998 2638 2060 2672 per

107 2700 200 2734 hunc
225 2700 370 2745 magni?
419 2699 504 2734 add.
530 2702 558 2733 L
1554 2746 1617 2791 2*
