2424 3201
2023 230 2048 270 7

247 359 319 414 15)
349 360 389 400 et
415 356 550 399 cultor
581 368 799 415 ‘nemorum
829 354 898 396 cui
920 354 1113 407 pinywia
1139 352 1267 395 Ceae:
1292 352 1532 394 Aristaeum
1550 351 1583 408 ⁷)
1608 353 1775 394 invocat
1804 354 1830 395 i.
1854 366 1886 396 e.
1917 355 2049 408 Apol-

97 429 196 471 linis
229 430 272 470 et
300 427 479 481 Cyrenes
492 428 526 480 8)
556 426 710 474 filium,
728 422 761 480 ⁹)
801 435 923 477 quem
952 423 1160 464 Hesiodus
1178 422 1231 475 l0)
1271 421 1370 463 dicit
1394 421 1634 475 Apollinem
1664 422 1926 475 pastoralem.
1982 423 2051 464 hic

100 500 150 540 ut
190 496 315 538 etiam
360 495 583 538 Sallustius
609 492 664 550 11)
711 493 852 542 docet,
871 491 926 548 12)
973 494 1070 545 post
1110 490 1314 532 laniatum
1350 503 1374 531 a
1415 490 1585 531 canibus
1623 491 1878 533 Actaeonem
1918 492 2050 534 filium

101 565 248 608 matris
279 564 480 606 instinctu
498 564 552 619 13)
591 563 754 605 Thebas
795 561 964 614 reliquit
983 559 1038 615 11)
1073 562 1115 601 et
1155 559 1280 600 Ceam
1298 558 1354 613 ¹5)
1391 558 1572 600 insulam
1612 559 1747 601 tenuit
1776 561 1929 613 primo,
1974 562 2048 603 ad-

101 635 183 676 huc
209 633 445 675 hominibus
474 644 670 673 vacuam:
708 633 853 685 postea
881 643 928 671 ea
958 629 1105 670 relicta
1136 641 1230 670 cum
1260 627 1446 669 Daedalo
1480 629 1531 670 ad
1562 627 1793 670 Sardiniam
1825 630 2049 672 transitum

100 703 210 745 fecit.
237 702 275 727 16

251 701 321 825 1Ξ5)
349 769 566 821 saltusque
584 769 636 820 17)
668 766 915 820 Lycaeum)
945 765 1098 808 montis
1131 765 1348 807 Arcadiae.
1369 765 1423 819 ¹⁹)

252 849 323 904 17)
356 849 394 891 si
425 847 598 903 taba-2⁰)
637 849 841 903 siquidem
880 846 1037 900 tibi.²¹)
1097 844 1398 898 Maenala.·22)
1439 857 1558 886 mons
1602 846 1804 887 Arcadiae
1823 847 1877 903 23)
1917 848 2051 889 dictus

106 913 196 960 ἀπὸ
224 920 307 960 τῶν
338 914 481 974 μήλων
511 919 536 959 i.
569 930 602 959 0.
634 919 685 960 ab
707 918 874 966 ovibus,
893 917 948 971 ²4)
978 915 1127 968 quibus
1157 914 1304 968 plenus
1338 915 1412 955 est.

253 986 323 1043 18)
356 987 619 1040 Teqeaee:²⁵)
651 986 866 1028 vocativus
882 986 933 1035 26)
969 987 1032 1027 est
1059 998 1084 1026 a
1108 983 1362 1026 derivatione
1392 982 1519 1036 Tegei
1535 983 1589 1036 27)
1613 982 1749 1036 oppidi
1776 983 1977 1025 Arcadiae
1997 981 2051 1037 28)

107 1060 149 1099 et
178 1058 362 1110 Tegeum
379 1056 434 1110 29)
465 1056 701 1109 tribrachys
715 1055 770 1110 3⁰)
802 1057 886 1104 est,
919 1054 1094 1107 Tegeaee
1110 1052 1165 1108 31)
1194 1065 1327 1106 paeon
1355 1051 1518 1093 tertius.
1538 1051 1593 1107 32)

246 1218 280 1261 7)
307 1216 422 1251 arisea
442 1215 477 1249 L
548 1215 584 1259 8)
609 1225 756 1259 cyraene
781 1214 815 1248 L
887 1215 922 1249 9,
949 1214 1045 1249 filius
1072 1215 1108 1248 B
1181 1214 1237 1257 10)
1265 1213 1406 1247 esiodus
1432 1213 1522 1253 PB,
1549 1212 1682 1247 isiodus
1714 1212 1746 1246 V
1802 1213 1858 1256 11)
1883 1212 2053 1247 salustius
2085 1214 2088 1217 '

107 1274 184 1309 PV
267 1275 323 1313 12)
351 1273 438 1307 dicit
459 1272 496 1306 B
585 1273 641 1316 13)
668 1272 793 1306 matris
818 1272 992 1306 instinctu
1016 1282 1083 1306 om.
1110 1271 1145 1305 L
1218 1271 1275 1314 14)
1302 1270 1456 1315 reliquid
1483 1270 1560 1304 PV
1636 1270 1693 1314 15)
1720 1269 1829 1304 chean
1854 1270 1905 1310 P,
1932 1270 2055 1305 cheam

106 1336 136 1365 B
230 1333 286 1373 16)
315 1331 398 1365 111110
426 1330 586 1374 opinioni
609 1329 784 1363 Pindarus
811 1328 955 1373 (fraym.
982 1330 1051 1365 235
1090 1330 1210 1374 Beryk
1234 1327 1284 1364 ed.
1311 1328 1367 1362 111
1386 1339 1425 1372 p.
1452 1329 1534 1372 368)
1557 1327 1778 1372 refragatur,
1813 1328 1874 1372 qui
1899 1338 1978 1362 eum
2004 1329 2056 1362 ait

108 1389 149 1424 de
175 1389 269 1423 Gaea
301 1388 420 1422 insula
451 1387 489 1421 in
517 1386 705 1421 Arcadiam
737 1387 911 1431 migrasse
945 1387 1064 1431 ibique
1097 1387 1209 1421 vitam
1242 1386 1404 1420 coluisse.
1452 1397 1536 1420 nam
1570 1385 1664 1430 apud
1688 1384 1843 1420 Arcadas
1880 1395 1943 1428 pro
1969 1385 2052 1436 Iove

108 1446 251 1486 colitur,
285 1445 378 1490 quod
410 1444 544 1489 primus
578 1444 791 1484 ostenderit,
830 1443 983 1488 qualiter
1020 1454 1105 1488 apes
1131 1444 1284 1479 debeant
1313 1444 1494 1488 reparari,
1535 1446 1576 1477 ut
1609 1443 1660 1477 ait
1688 1445 1794 1487 poeta
1818 1442 1859 1476 de
1884 1442 1949 1477 hoc
1975 1442 2054 1486 ipso

106 1503 269 1538 Aristaeo
298 1502 439 1547 (Geory.
462 1502 513 1535 IV
538 1502 619 1541 283)
646 1504 833 1546 tempus
860 1506 907 1536 et
931 1501 1121 1536 Arcadii
1145 1501 1441 1536 memoranda
1466 1501 1666 1535 inventa
1691 1500 1911 1545 magistri
1943 1510 2056 1544 pan-

108 1560 222 1595 dere.
272 1559 461 1595 CULTOR
484 1562 602 1593 autem
626 1570 688 1603 pro
711 1559 838 1593 incola.
887 1559 980 1593 Caea
1003 1570 1085 1593 vero
1111 1559 1229 1593 insula
1264 1559 1301 1593 in
1330 1559 1472 1603 Aegaeo
1506 1559 1606 1592 mari.
1665 1557 1864 1592 DUMETA
1899 1558 2056 1592 frutices.

106 1616 210 1651 IPSE
254 1616 417 1651 NEMUS
460 1616 701 1659 LINQUENS
742 1616 958 1650 PATRIVM
998 1616 1093 1650 PAN
1143 1616 1296 1652 OVIUM
1339 1616 1534 1652 CUSTOS:
1583 1615 1759 1650 Pindarus
1803 1615 1947 1660 (fraqm.
2011 1616 2054 1650 77

107 1673 227 1718 Bergk
255 1673 308 1707 ed.
330 1673 387 1707 HI
406 1686 445 1718 p.
473 1674 556 1718 313)
580 1673 680 1708 Pana
704 1685 745 1708 ex
773 1677 822 1716 (et
846 1673 938 1718 cod.)
964 1674 1141 1717 Penelope
1159 1674 1273 1707 filium
1298 1673 1400 1714 dicit,
1427 1673 1519 1708 unde
1536 1673 1642 1707 multi
1669 1673 1824 1716 patrium
1848 1684 1911 1717 pro
1936 1675 2055 1717 pater-

108 1742 191 1766 num
221 1731 418 1776 accipiunt,
453 1742 493 1765 eo
520 1730 614 1775 quod
637 1731 713 1765 Pan
748 1742 819 1765 non
845 1731 954 1766 Arcas
980 1732 1046 1773 sit,
1084 1731 1145 1766 sed
1168 1731 1367 1765 Ithacesius
1383 1758 1390 1771 ‚
1433 1733 1473 1765 ut
1505 1741 1526 1764 a
1550 1733 1667 1775 patre,
1701 1741 1771 1763 non
1805 1741 1825 1764 a
1849 1731 1966 1774 patria
1992 1741 2057 1765 vox

107 1789 193 1824 haec
217 1788 379 1823 videatur
407 1788 566 1829 detorta,
599 1788 681 1832 quia
712 1788 749 1821 in
774 1788 926 1823 Arcadia
950 1788 1104 1832 (ercadia
1128 1787 1220 1830 cod.)
1247 1789 1401 1833 genitus.
1445 1788 1530 1823 add.
1557 1788 1607 1828 L,
1652 1787 1879 1822 TONDENT
1904 1791 2056 1832 pascunt

109 1846 194 1880 add.
217 1846 253 1881 R
341 1847 398 1890 17)
426 1857 492 1879 om.
519 1846 590 1880 PB
680 1845 735 1889 18)
762 1845 865 1880 licaei
893 1845 937 1886 P,
961 1846 1052 1890 lycei
1075 1845 1131 1885 B,
1158 1845 1239 1879 licei
1268 1846 1303 1880 V
1388 1846 1445 1891 19)
1471 1845 1658 1880 archadiae
1683 1845 1727 1879 P.
1778 1844 1873 1879 PAN
1899 1844 2054 1880 OVIUM

108 1902 305 1939 CUSTOS:
342 1903 421 1937 ideo
450 1903 585 1947 Lyceus
611 1903 687 1937 Pan
715 1902 834 1936 ovium
859 1905 997 1943 custos,
1030 1902 1123 1947 quod
1146 1903 1248 1947 lupos
1282 1903 1326 1937 ab
1355 1904 1472 1937 ovium
1498 1903 1667 1948 gregibus
1700 1903 1867 1947 depellat.
1894 1901 1978 1936 add.
2008 1901 2054 1942 L,

109 1959 214 1999 λύκος
238 1970 363 2005 graece
386 1959 516 1994 dicitur
548 1960 672 2005 lupus,
708 1959 802 1994 unde
834 1960 872 1994 in
905 1960 1002 2004 lyceo
1029 1960 1240 2004 quibusdam
1274 1960 1383 1994 sacris
1407 1960 1608 2006 degustatis
1631 1960 1862 1995 vertebantur
1884 1959 1921 1992 in
1955 1959 2058 2002 lupos

111 2020 147 2052 et
170 2020 251 2062 post
280 2017 399 2052 decem
431 2028 542 2052 annos
576 2017 806 2052 vertebantur
822 2017 860 2051 in
875 2018 1066 2061 pristinum
1091 2019 1244 2057 statum,
1270 2018 1300 2052 si
1324 2018 1508 2052 hominum
1537 2018 1699 2052 carnibus
1723 2028 1793 2052 non
1820 2019 2055 2051 vescerentur.

112 2075 196 2110 add.
222 2075 264 2108 H
348 2075 406 2119 20)
433 2074 629 2108 MENALA
653 2075 685 2109 si
709 2074 778 2109 tibi
800 2074 885 2108 add.
911 2074 946 2108 L
1040 2076 1099 2118 21)
1126 2086 1192 2109 om.
1218 2074 1264 2108 P.
1313 2075 1344 2109 si
1369 2075 1611 2110 confirmantis
1636 2078 1691 2109 est
1715 2078 1756 2109 ut
1781 2086 1888 2119 supra
1913 2073 1995 2108 add.
2022 2073 2058 2107 B

110 2133 169 2178 22)
195 2136 314 2167 autem
340 2131 424 2166 add.
451 2131 486 2165 L
557 2132 614 2173 23)
641 2132 827 2170 archadiae
854 2132 890 2166 P
958 2133 1017 2177 24)
1042 2144 1063 2167 a
1087 2132 1202 2167 bubus
1234 2132 1268 2167 V
1309 2133 1368 2177 25)
1392 2135 1517 2177 tegeae
1536 2132 1617 2173 PL,
1643 2135 1746 2177 tegee
1772 2132 1808 2166 B
1879 2133 1938 2174 26)
1956 2141 2058 2165 voca-

110 2194 169 2225 tus
194 2190 229 2224 L
298 2190 356 2234 27)
379 2189 499 2234 tegaei
523 2188 603 2229 PL,
628 2192 710 2235 tege
742 2191 777 2224 V
842 2191 900 2231 28)
927 2190 1113 2225 archadiae
1132 2190 1169 2224 P
1238 2190 1296 2234 29)
1320 2192 1446 2235 tegeus
1472 2190 1506 2224 L
1581 2192 1640 2231 30)
1664 2190 1840 2224 tribracus
1859 2189 1904 2230 P,
1928 2189 2058 2223 tribra-

113 2247 187 2282 chis
210 2247 302 2289 LV,
326 2246 524 2281 tribrachus
549 2247 584 2280 B
655 2248 714 2291 31)
742 2250 867 2292 tegeae
892 2250 1007 2288 PBV,
1031 2250 1156 2292 tegeus
1180 2247 1216 2281 L
1287 2247 1344 2291 32)
1365 2247 1449 2281 01ᾶο
1475 2250 1548 2282 est:
1575 2248 1670 2282 adsis
1696 2248 1821 2282 favens
1839 2258 1858 2281 o
1882 2247 1959 2291 ipse
1982 2246 2059 2280 Pan

113 2305 271 2349 Tegeaee
297 2306 459 2350 (taegeae
481 2304 573 2347 cod.)
603 2305 720 2340 ovium
749 2307 884 2345 custos,
927 2304 1102 2350 siquidem
1136 2304 1204 2339 tibi
1229 2315 1331 2339 curae
1367 2308 1450 2339 sunt
1481 2308 1546 2340 tua
1576 2305 1742 2340 Maenala
1774 2314 1837 2348 pro
1863 2303 2058 2343 Maenalus,

113 2362 275 2406 linquens
300 2363 456 2406 patrium
479 2373 603 2397 nemus
629 2363 811 2407 saltusque
834 2362 951 2406 Lycei.
995 2362 1161 2407 oleaeque
1185 2361 1345 2396 Minerva
1362 2362 1558 2404 inventrix,
1596 2363 1678 2407 quia
1711 2366 1750 2397 ut
1787 2371 1893 2404 supra
1928 2360 2060 2395 dictum

116 2421 172 2454 est
194 2418 353 2454 Minerva
378 2420 490 2455 oleam
512 2420 653 2459 invenit
674 2419 759 2453 add.
785 2419 839 2459 R,
873 2419 1058 2454 FAVENS
1083 2431 1146 2465 pro
1173 2420 1294 2455 volens
1330 2422 1367 2454 et
1389 2430 1452 2464 per
1475 2420 1540 2454 hoc
1573 2419 1769 2464 propitius,
1813 2418 1932 2452 favere
1966 2418 2059 2451 enim

115 2478 250 2511 veteres
285 2477 393 2511 etiam
417 2477 510 2511 velle
543 2477 717 2512 dixerunt.
780 2477 916 2511 Ennius
953 2479 1056 2521 (ann.
1083 2478 1152 2513 376
1190 2477 1311 2520 Vahl.)
1344 2479 1589 2512 matronae
1622 2487 1796 2510 moeros
1828 2475 2062 2520 complent

116 2535 326 2578 spectare
362 2534 589 2569 faventes.
636 2545 708 2568 non
730 2545 921 2579 numquam
955 2534 1074 2569 favere
1099 2537 1136 2569 et
1166 2545 1230 2578 pro
1262 2537 1380 2570 tacere
1413 2536 1544 2579 (tegere
1578 2534 1669 2578 cod.)
1702 2534 1867 2577 ponitur,
1898 2536 1940 2567 ut
1968 2532 2062 2567 idem

116 2590 252 2625 Ennius
281 2593 385 2633 (corr.
410 2591 543 2626 Petrus
568 2591 725 2635 Daniel,
758 2603 802 2626 en
826 2592 913 2626 inris
941 2590 1036 2635 cod.)
1073 2602 1147 2625 ore
1180 2591 1390 2627 faventes
1426 2594 1527 2636 (ann.
1553 2591 1622 2628 415
1654 2591 1774 2634 Vahl.)
1813 2593 1850 2624 et
1880 2589 2062 2634 Vergilius

116 2647 153 2682 in
175 2648 298 2692 quinto
318 2649 389 2693 (71)
408 2659 484 2683 ore
514 2649 675 2684 favete
708 2659 870 2683 omnes.
920 2648 1167 2691 OLEAEQUE
1193 2648 1407 2683 MINERVA
1431 2646 1715 2683 INVENTRIX:
1742 2658 1781 2682 eo
1808 2650 1966 2691 tempore
1992 2657 2060 2691 quo

119 2703 303 2739 adversum
327 2704 533 2750 Neptunum
559 2705 601 2740 de
625 2707 767 2741 nomine
793 2707 949 2740 civitatis
977 2705 1177 2747 contendit,
1214 2706 1307 2750 quod
1331 2706 1403 2741 iam
1430 2716 1538 2750 supra
1570 2705 1703 2740 dictum
1728 2708 1791 2739 est.
1843 2705 1898 2740 cui
1921 2704 2064 2740 fabulae
