2393 3141
477 321 519 377 7)
559 320 673 361 alma
709 319 852 361 Ceres:
903 316 1017 357 alma
1056 315 1107 356 ab
1145 315 1311 364 alendo,
1369 312 1490 355 Ceres
1527 327 1551 355 a
1593 314 1768 356 creando
1807 314 1929 356 dicta.
1948 314 2003 371 ⁶¹)
2061 318 2194 358 vestro
2227 312 2295 358 si'

335 390 593 440 munero-⁶²)
655 388 872 441 siquidem,
904 398 997 426 nam
1031 384 1068 425 si
1085 384 1138 434 63)
1173 382 1453 424 confirmantis
1484 384 1558 425 est.
1578 382 1632 438 64)

473 515 516 570 8)
550 512 783 555 Chaonicmc
811 510 969 563 pinyui
1001 508 1197 561 [slcmdem
1233 507 1413 547 mutam}
1451 508 1616 549 arista:
1666 507 1918 562 Epiroticam
1941 508 1994 565 65)
2033 523 2057 551 a
2096 510 2186 552 1000
2224 510 2267 552 in

339 600 417 640 quo
462 584 670 627 abundant
688 583 739 631 66)
778 579 970 633 glandes,
1013 577 1158 630 quibus
1187 574 1378 631 01110067)
1413 577 1687 618 vescebantur
1728 576 1927 619 homines.
1948 577 2001 631 68)
2062 579 2104 619 01
2143 579 2265 620 modo

339 654 513 709 speciem
545 664 616 706 pro
647 661 794 704 genere
826 647 982 700 posuit;
1027 658 1107 687 non
1140 645 1247 686 enim
1285 642 1434 699 011169)
1474 644 1516 685 111
1545 646 1668 699 Epiro
1687 646 1741 699 ⁷⁰)
1784 648 1948 688 tantum
1975 647 2148 700 glandes
2177 647 2266 689 fue-

338 725 452 772 runt,
500 723 570 763 aut
608 719 655 759 de
686 717 772 758 solo
806 714 987 756 Acheloo
1017 713 1203 755 homines
1231 713 1374 765 potare
1404 716 1714 757 consueveram.
1733 716 1787 770 71)
1848 728 1946 757 sane
1986 715 2189 757 Acheloia
2213 715 2267 770 ⁷2)

475 952 532 993 61)
569 948 695 983 dicitur
721 947 766 980 P.
814 945 973 989 quamvis
1000 942 1122 977 Sabini
1147 942 1307 976 Cererem
1321 942 1479 976 Pandam
1505 944 1721 985 (coniectura
1742 950 1793 980 est
1811 946 1965 981 Prelleri
1986 945 2089 980 Rom.
2116 947 2268 991 Ivlythol.

332 1019 414 1052 paq.
441 1008 524 1045 592,
551 1005 659 1039 codem
684 1003 818 1038 exhibet
844 1002 985 1046 panem)
1014 1000 1211 1045 appellent,
1250 999 1416 1033 Liberum
1440 999 1661 1034 Loebasium.
1712 1001 1826 1036 dictus
1860 1003 2006 1047 (dietum
2031 1002 2122 1047 cod.)
2149 1005 2267 1038 autem

339 1064 421 1109 quia
442 1072 563 1106 graece
587 1060 685 1105 λοιβὴ
725 1059 837 1103 (loebe
862 1059 951 1101 eod.)
982 1057 1110 1091 dieitur
1136 1068 1191 1091 res
1217 1057 1348 1090 divina.
1394 1056 1451 1090 vel
1475 1056 1553 1091 ideo
1577 1057 1683 1092 simul
1706 1058 1873 1093 Liberum
1900 1062 1936 1094 et
1960 1060 2122 1094 Cererem
2148 1060 2268 1103 posuit

339 1122 419 1166 quia
445 1123 479 1154 01
502 1119 635 1162 templa
659 1118 708 1151 eis
734 1116 838 1150 simul
864 1116 980 1159 posita
1005 1117 1088 1149 sunt
1114 1116 1148 1148 et
1171 1113 1247 1147 ludi
1271 1113 1376 1146 simul
1403 1113 1563 1149 eduntur.
1600 1114 1683 1149 add.
1705 1115 1745 1149 'L
1816 1116 1874 1160 62)
1900 1117 2064 1160 quoniam
2090 1118 2166 1151 sine
2192 1117 2268 1152 cibo

339 1181 373 1213 et
398 1178 538 1222 potione
563 1176 678 1209 vivere
700 1184 769 1207 11011
798 1183 1002 1216 1103311111113,
1040 1171 1096 1205 vel
1120 1181 1299 1206 munere
1323 1169 1492 1205 beneficio
1518 1173 1558 1205 ut
1583 1172 1688 1215 (Aen.
1713 1172 1745 1205 V
1771 1174 1852 1217 337)
1890 1176 1936 1208 et
1969 1185 2150 1208 munere
2176 1172 2267 1208 vie-

337 1238 406 1269 tor
434 1234 578 1267 amici.
637 1231 676 1264 si
713 1232 830 1264 autem
854 1229 910 1262 1110
934 1239 997 1272 pro
1023 1228 1106 1261 add.
1132 1228 1166 1261 L
1253 1230 1310 1271 63)
1341 1229 1443 1263 modo
1466 1228 1550 1262 add.
1576 1229 1627 1269 L,
1666 1229 1722 1262 hic
1753 1229 1838 1263 add.
1867 1230 1902 1264 B
1989 1231 2047 1273 64)
2082 1231 2268 1266 Terentius

338 1290 579 1335 (Phorm.12,
598 1287 792 1329 69Fleck.)
813 1297 896 1320 non
923 1287 963 1320 si
989 1285 1193 1319 redisset
1220 1288 1353 1330 pater
1381 1287 1419 1320 ei
1444 1286 1626 1320 veniam
1652 1285 1788 1320 daret
1805 1287 1890 1322 add.
1922 1287 1957 1321 L
2027 1289 2085 1333 65)
2103 1300 2191 1333 quae
2209 1300 2269 1324 cur

335 1347 492 1382 Chaonia
517 1346 610 1379 dicta
634 1345 680 1379 sit
704 1345 740 1377 in
765 1343 871 1377 tertio
889 1343 1053 1378 Aeneidis
1072 1342 1210 1386 plenius
1235 1342 1355 1383 habes,
1382 1345 1417 1377 et
1442 1343 1499 1376 hic
1514 1342 1592 1377 ideo
1609 1343 1825 1387 Epirotica-m
1847 1342 1932 1377 add.
1951 1343 1986 1377 L
2057 1346 2114 1389 66)
2131 1345 2268 1380 habun-

335 1405 420 1439 dant
445 1404 480 1437 P
489 1404 520 1437 V
585 1403 641 1446 67)
667 1404 749 1436 ante
764 1402 799 1434 B
870 1401 927 1443 68)
953 1400 1009 1434 vel
1035 1399 1127 1443 quod
1150 1399 1201 1432 ibi
1224 1410 1369 1443 (11101οι13
1395 1400 1471 1433 Iovi
1495 1399 1684 1433 Dodonaeo
1709 1400 1870 1443 (doloneo
1895 1401 1986 1445 cod.)
2015 1405 2154 1436 saerata
2179 1414 2268 1447 quae

334 1460 531 1495 hominibus
557 1470 725 1503 responsa
747 1457 937 1499 reddebat3
961 1468 1000 1492 ex
1024 1457 1089 1490 1100
1115 1467 1192 1490 cum
1217 1456 1344 1490 fuisset
1368 1457 1482 1490 excisa
1508 1456 1688 1491 columbae
1715 1468 1804 1501 quae
1821 1458 2107 1493 vaticinabantur
2130 1461 2267 1495 volasse

334 1518 495 1552 dicuntur
515 1516 599 1550 add.
628 1516 661 1550 L
745 1517 802 1558 69)
829 1516 880 1548 ait
912 1515 946 1548 V
1040 1514 1095 1558 70)
1122 1524 1227 1557 epyro
1255 1513 1291 1546 P
1384 1516 1441 1555 71)
1469 1516 1724 1548 consueverunt
1756 1515 1795 1548 V.
1844 1514 2011 1550 PINGUI
2037 1515 2268 1551 GLANDEM

334 1575 381 1608 M.
406 1575 447 1608 A.
474 1575 637 1619 quoniam
662 1573 774 1616 primo
799 1573 956 1606 homines
982 1572 1111 1617 glande
1138 1570 1383 1614 pascebantur,
1411 1573 1470 1614 qui
1495 1572 1608 1606 vietus
1636 1574 1794 1606 mutatus
1812 1575 1867 1606 est
1882 1573 2026 1606 invento
2044 1573 2220 1608 frumento
2246 1585 2267 1608 a

334 1632 468 1666 Cerere.
517 1642 597 1665 nam
634 1631 778 1664 aristam
819 1641 881 1673 pro
907 1630 1082 1664 fruniento
1108 1629 1247 1673 posuit,
1286 1631 1321 1662 et
1352 1628 1515 1663 affectate
1548 1629 1599 1662 ait
1634 1629 1797 1672 pingui
1835 1630 1985 1664 arista
2017 1640 2094 1664 011111
2126 1630 2266 1674 proprie

334 1688 444 1722 arista
468 1688 510 1722 ab
536 1686 699 1721 ariditate
725 1687 772 1720 sit
795 1686 899 1720 dicta.
948 1686 1172 1720 INVENTIS
1196 1686 1305 1721 UVIS
1340 1697 1360 1720 a
1386 1686 1513 1720 Libero
1540 1686 1685 1720 scilieet.
1731 1685 1970 1721 ACHELOIA
1994 1686 2156 1730 aquatica
2181 1686 2267 1721 add.

334 1746 387 1786 R,
413 1746 578 1789 pingui
607 1746 722 1778 01110111
749 1744 898 1777 011310
924 1744 1025 1778 modo
1050 1755 1111 1788 pro
1138 1744 1314 1778 frumento
1340 1743 1470 1787 posuit,
1497 1745 1531 1776 et
1554 1743 1717 1776 affectate
1743 1744 1794 1777 ait
1810 1745 1978 1789 pinguem
2004 1745 2161 1785 aristam,
2188 1755 2266 1778 cum

335 1803 473 1847 proprie
499 1802 652 1845 (proprio
677 1801 765 1843 eod.)
792 1801 901 1835 arista
924 1802 966 1835 ab
992 1801 1157 1836 ariditate
1184 1802 1231 1836 sit
1258 1802 1360 1835 (11010.
1409 1801 1617 1846 glandem
1642 1811 1723 1834 vero
1748 1802 1951 1835 mutavit
1973 1801 2121 1835 arista
2145 1801 2197 1834 ita
2215 1800 2266 1835 ait

335 1863 375 1894 ut
397 1862 517 1903 togam
557 1858 775 1899 (Salmasius
801 1858 849 1891 acl
874 1858 987 1892 Solia.
1017 1859 1140 1903 polyb.
1168 1870 1207 1902 p.
1238 1859 1302 1892 137
1335 1858 1373 1891 D
1404 1859 1521 1900 coni„
1555 1858 1666 1892 ceiam
1698 1857 1789 1898 eod.)
1822 1858 2074 1902 paludamento
2099 1858 2264 1894 mutavit.

334 1916 611 1957 POCULAQUE
637 1914 859 1949 INVENTIS
885 1914 1121 1950 ACHELOIA
1148 1915 1343 1951 MISCUIT
1368 1915 1495 1951 UVIS:
1522 1915 1695 1949 Achelous
1721 1915 1888 1958 (achelois
1906 1916 1996 1957 eod.)
2023 1917 2138 1948 terrae
2155 1915 2265 1948 fuisse

336 1975 430 2016 tilius
465 1973 608 2009 dieitur.
652 1974 689 2006 nt
723 1973 813 2006 solet
845 1972 886 2005 de
912 1973 966 2006 his
1001 1973 1068 2006 dici
1099 1984 1244 2016 quorum
1276 1984 1337 2017 per
1365 1973 1615 2017 antiquitatem
1643 1973 1759 2006 latent
1795 1974 1971 2016 parentes.
2020 1971 2076 2005 hic
2109 1982 2184 2005 cum
2223 1971 2266 2005 de

335 2031 551 2074 Melpomene
576 2029 650 2068 vel,
691 2032 730 2063 ut
754 2029 895 2073 quidam
923 2029 1061 2069 dicunt,
1090 2029 1131 2062 de
1157 2030 1317 2073 Calliope
1339 2041 1440 2064 musa
1467 2030 1608 2064 Sirenas
1634 2029 1768 2063 habens
1791 2029 1884 2063 filias
1911 2028 2088 2063 amisisset
2111 2030 2147 2062 et
2169 2038 2264 2062 mae-

335 2098 411 2121 rore
439 2087 679 2126 conficeretur,
705 2087 872 2120 auxilium
897 2087 1020 2120 matris
1045 2085 1158 2120 oravit
1185 2086 1313 2129 (oravis
1339 2086 1449 2130 cod),
1486 2089 1525 2120 ut
1550 2086 1618 2120 sibi
1644 2086 1719 2120 seni
1742 2086 1858 2119 luctus
1888 2085 2079 2119 remedium
2104 2086 2264 2128 praesta-

335 2145 403 2177 ret:
429 2153 517 2186 quae
542 2143 709 2178 miserans
733 2144 844 2177 tilium
869 2144 1056 2187 patefactis
1083 2143 1194 2177 antris
1219 2143 1314 2177 intra
1345 2154 1420 2178 sese
1445 2143 1573 2178 obruit.
1623 2143 1678 2176 0111
1702 2144 1826 2186 postea
1850 2144 1891 2175 ut
1913 2153 2102 2185 perennem
2129 2141 2260 2175 famam

335 2200 486 2234 nominis
512 2199 632 2239 daret,
665 2201 700 2233 in
732 2200 888 2235 Aetolica
913 2201 1054 2245 regione
1077 2200 1221 2234 fluvium
1246 2200 1401 2235 eiusdem
1429 2200 1590 2235 vocabuli
1614 2200 1711 2233 nasci
1742 2199 1841 2239 fecit,
1880 2210 1981 2243 quem
2012 2210 2081 2233 non
2105 2199 2195 2233 nulli
2221 2199 2262 2233 de

335 2256 446 2290 Pindo
469 2258 587 2290 monte
613 2257 812 2291 Thessaliae
848 2258 931 2292 01111
964 2258 1139 2292 :¹dserunt.
1187 2257 1277 2291 circa
1302 2258 1394 2291 hunc
1419 2257 1611 2301 Staphylus
1636 2257 1744 2291 Oenei
1776 2258 1897 2299 pastor
1934 2267 2009 2290 cum
2043 2257 2264 2291 animadver-

334 2314 440 2347 tisset
465 2324 504 2347 ex
530 2315 674 2356 capellis
698 2326 801 2348 unam
828 2326 902 2349 esse
927 2315 1214 2359 pinguissimam,
1251 2315 1427 2348 intellexit
1455 2315 1491 2349 id
1518 2314 1640 2359 pabuli
1664 2313 1826 2348 ubertate
1853 2313 2031 2357 (libertate
2058 2313 2148 2357 eod.)
2174 2313 2261 2347 fieri.

336 2374 473 2405 secutus
500 2371 618 2415 itaque
653 2371 796 2404 eandem
822 2382 897 2404 enm
927 2371 1072 2405 vidisset
1096 2371 1173 2405 uw’s
1208 2372 1318 2409 vesei,
1363 2372 1556 2406 admiratus
1588 2372 1624 2404 et
1656 2370 1850 2404 novitatem
1885 2373 1919 2404 et
1952 2369 2170 2404 dulcedinem
2202 2369 2261 2404 de-

337 2425 667 2469 cerptum'fruetum
694 2429 838 2471 pertulit
862 2429 956 2472 regi,
990 2430 1049 2472 qui
1076 2440 1152 2463 cum
1180 2429 1352 2473 liquorem
1378 2429 1607 2473 expressisset
1641 2438 1661 2460 a
1695 2438 1756 2460 suo
1781 2427 1922 2462 nomine
1945 2427 2138 2471 appellavit
2164 2427 2262 2460 οἶνον

337 2485 457 2524 (0011011
485 2484 574 2521 cod.)
601 2484 643 2518 ab
668 2485 847 2518 inventore
875 2485 1057 2529 σταφυλήν
1084 2486 1272 2527 (inventor.
1298 2490 1324 2521 ἓ.
1348 2486 1465 2530 afylen
1492 2484 1591 2528 cod).
1641 2483 1701 2518 sed
1714 2483 1881 2517 Hercules
1907 2495 1983 2517 cum
2006 2486 2151 2528 propter
2177 2494 2261 2518 uxo—

335 2551 406 2573 rem
431 2540 633 2574 Deianiram
671 2540 882 2582 (deianeram
912 2542 1002 2584 cod.)
1036 2553 1113 2576 eum
1138 2542 1290 2577 Acheloo
1325 2542 1569 2582 contenderet,
1611 2552 1716 2575 cornu
1753 2540 1825 2574 eius
1860 2551 1967 2574 unum
2003 2542 2126 2586 fregit,
2168 2539 2261 2585 quod

336 2607 458 2639 graece
484 2601 588 2641 κέρας
610 2600 720 2639 (ceras
743 2596 832 2640 cod.)
858 2596 1003 2633 dieitur.
1037 2599 1127 2633 unde
1152 2599 1296 2633 miscere
1318 2599 1479 2643 poculum
1502 2598 1595 2643 apud
1623 2597 1774 2633 Graecos
1798 2595 1946 2644 κεράσαι
1973 2598 2147 2642 (caerasae
2169 2596 2261 2640 cod.)

336 2652 472 2686 dicitur.
520 2653 603 2687 add.
628 2653 662 2686 L
757 2653 812 2697 72)
836 2664 918 2687 sane
941 2654 1121 2698 Acheloia]
1146 2655 1206 2689 sed
1232 2655 1289 2690 hic
1313 2656 1492 2691 acheloum
1517 2656 1551 2690 L
