2393 3141
271 153 315 182 IV

411 260 703 302 Vaticanus
736 260 845 297 3317
879 253 962 307 (V)
1001 254 1043 294 in
1074 251 1325 294 membranis
1360 252 1516 293 formae
1556 251 1760 294 maximae
1792 254 1954 295 saeculo
1985 255 2200 298 undecimo

271 330 418 372 litteris
459 340 561 382 quae
589 322 922 378 Longobardicae
954 321 1145 362 dicuntur
1176 320 1365 373 scriptus.
1427 320 1611 362 continet
1649 321 1720 362 fol.
1751 327 1900 363 1—26
1944 325 2199 366 commenta-

270 399 374 440 rium
405 397 445 437 in
475 394 688 442 Bucolica,
720 391 789 433 fol.
823 396 874 431 27
891 394 1010 430 -86
1036 389 1078 429 in
1099 388 1322 443 Georgica,
1351 388 1421 430 fol.
1450 393 1503 430 87
1519 393 1638 430 —89
1667 390 1710 430 in
1730 389 1833 431 Aen.
1855 392 1876 432 Ι
1899 395 2065 432 1—35.
2110 392 2199 434 Ser-

271 466 401 508 vianis
430 463 592 505 scholiis
622 461 663 502 in
695 460 923 513 Georgicon
961 457 1078 499 libris
1110 469 1157 498 ea
1188 456 1328 498 addita
1363 458 1480 506 sunt,
1525 469 1627 509 quae
1659 457 1920 512 Philargyrio
1949 460 2199 511 tribuuntur,

272 546 373 588 quae
404 545 450 574 ex
478 533 554 573 hoc
584 530 719 572 codice
745 528 900 582 primus
932 526 1060 568 edidit
1089 524 1259 566 Fulvius
1289 524 1465 566 Ursinus
1494 538 1599 566 anno
1632 529 1755 567 1587.

410 599 687 642 Leidensis
720 602 773 638 80
803 596 882 649 (L)
915 595 981 637 vel
1011 594 1238 636 Vossianus
1265 592 1362 634 hist.
1396 594 1437 634 et
1464 592 1546 634 litt.
1577 593 1620 634 in
1653 595 1797 636 octavo
1831 599 1905 644 80,
1935 596 2197 638 membrana-

273 684 366 713 ceus
408 668 560 711 saeculi
601 666 767 715 decimi,
817 663 1121 706 Lemovicensis
1148 661 1345 703 Danielis.
1431 661 1614 703 continet
1664 664 1980 705 commentarios
2028 665 2071 706 in
2111 666 2198 707 Ecl.

272 739 329 780 IV
342 738 443 779 --X
474 738 514 778 et
545 736 693 789 Georg.
724 735 743 775 I
776 739 795 774 1
815 738 967 776 -279,
997 732 1066 773 fol.
1100 737 1151 774 76
1186 745 1221 773 V.
1265 732 1337 783 (50
1369 728 1731 783 Praecipitemque
1759 731 1910 772 Daren
1940 733 2109 785 ardens)
2144 758 2196 762 —

271 813 322 850 79
356 820 391 847 v.
423 807 492 858 (83
515 801 842 845 INARATAE
859 815 945 842 non
965 803 1094 851 satae,
1125 800 1233 841 ‘crude
1253 801 1314 840 est
1336 797 1462 853 illud)
1492 798 1575 839 situ
1596 798 1766 853 aliisque
1792 801 1979 843 sordibus
2007 804 2199 855 corrupta

272 876 377 917 sunt.
437 875 558 926 atque
595 885 642 914 ea
671 871 834 925 quidem
862 883 964 924 quae
993 869 1063 911 fol.
1098 874 1148 910 77
1185 881 1221 909 v.
1255 872 1323 917 (58
1360 866 1524 918 ferrum
1561 868 1671 908 unde
1709 868 2028 924 abusive)—79
2061 883 2081 910 r
2123 869 2196 926 (74

271 942 396 984 LEG
407 940 590 985 UMEN
611 940 794 993 zeyumen
823 937 998 993 dicitur)
1033 937 1185 989 scripta
1216 938 1334 977 erant
1362 936 1446 977 iam
1469 948 1514 977 eo
1546 937 1730 990 tempore
1753 950 1830 991 quo
1854 937 2001 979 Daniel
2027 939 2105 979 hoc
2127 951 2197 980 co-

269 1012 355 1053 dice
396 1023 492 1053 usus
529 1011 591 1051 est
625 1008 831 1062 perierant
870 1006 1017 1048 omnia.
1082 1006 1124 1046 in
1152 1004 1319 1057 reliquis
1360 1004 1520 1058 paginis
1561 1005 1632 1046 ille
1670 1019 1752 1047 non
1798 1007 1914 1047 nulla
1943 1006 2046 1060 legit
2089 1020 2192 1060 quae

269 1082 409 1133 postea
439 1078 707 1119 evanuerunt:
737 1089 784 1117 ea
816 1088 863 1117 ex
891 1074 1066 1116 editione
1095 1073 1191 1115 anni
1224 1076 1334 1113 1600
1364 1074 1510 1127 repetii
1542 1075 1584 1115 et
1616 1074 1775 1116 uncinis
1797 1074 2009 1127 quadratis
2031 1075 2192 1117 inclusi.

410 1145 728 1200 Reginensis
753 1148 860 1185 1495
883 1143 961 1198 (R)
990 1143 1032 1184 in
1063 1145 1142 1182 125
1176 1142 1427 1184 membranis
1457 1143 1612 1185 formae
1641 1143 1866 1195 quadratae
1891 1143 2087 1196 scriptus.
2123 1144 2194 1185 fol.

271 1222 390 1258 85—
407 1219 499 1264 125,
531 1226 633 1267 quae
664 1213 977 1254 commentarios
1000 1212 1041 1252 in
1063 1210 1259 1252 Bucolica
1290 1211 1331 1251 et
1352 1210 1500 1265 Georg.
1527 1212 1548 1251 Ι
1571 1217 1590 1252 1
1607 1215 1754 1253 ——375
1791 1211 2014 1260 continent,
2043 1212 2197 1262 saeculi

271 1283 415 1326 decimi
447 1284 553 1323 sunt.
602 1282 722 1324 huius
751 1281 902 1323 codicis
933 1281 1178 1333 scripturam
1208 1280 1250 1332 in
1282 1279 1488 1321 Servianis
1520 1280 1599 1321 nisi
1628 1281 1768 1333 paucis
1796 1280 1918 1330 locis,
1949 1280 2019 1322 ubi
2048 1293 2194 1334 operae

271 1353 447 1408 pretium
477 1351 711 1400 videbatur,
750 1363 829 1391 non
862 1349 1076 1398 adnotavi,
1120 1361 1169 1390 ea
1202 1350 1341 1390 autem
1379 1361 1482 1401 quae
1521 1350 1685 1402 praeter
1716 1348 1846 1390 Servii
1879 1349 2034 1391 scholia
2070 1349 2197 1390 habet

273 1423 459 1463 accurate
493 1419 695 1472 exscripsi.

410 1488 684 1530 Parisinus
708 1491 816 1529 7965
840 1486 925 1540 (H)
957 1488 1218 1536 chartaceus,
1252 1486 1414 1528 saeculo
1444 1487 1584 1540 quinto
1607 1485 1765 1527 decimo
1788 1485 1975 1538 scriptus.
2018 1484 2200 1526 continet

270 1558 397 1600 Servii
425 1555 737 1598 commentarios
768 1555 809 1596 in
839 1555 1061 1597 Bucolicon
1091 1555 1322 1609 Georgicon
1352 1554 1559 1596 Aeneidos
1589 1555 1728 1597 libros.
1788 1555 1898 1595 hunc
1929 1566 2088 1606 quoque
2130 1566 2199 1594 co-

271 1627 401 1667 dicem
432 1638 512 1666 non
547 1626 711 1678 propter
742 1624 928 1666 Servium
957 1623 1137 1676 inspexi,
1181 1624 1251 1665 sed
1278 1624 1447 1677 propter
1479 1636 1527 1665 ea
1556 1636 1659 1676 quae
1691 1622 1897 1665 Servianis
1924 1621 2090 1663 scholiis
2128 1622 2200 1662 aut

269 1694 437 1735 inmixta
471 1695 565 1735 sunt
591 1694 661 1735 aut
688 1693 730 1734 in
758 1693 943 1746 margine
972 1693 1112 1734 addita
1139 1692 1190 1734 ab
1225 1692 1306 1733 alia
1336 1705 1480 1742 manu,
1512 1704 1635 1745 quam
1667 1690 1888 1733 secundam
1919 1689 2012 1731 dixi.
2058 1702 2199 1731 eorum

270 1762 446 1803 maxima
474 1775 568 1815 pars
600 1776 620 1804 e
654 1761 876 1816 Reginensi
906 1764 1014 1802 1495
1047 1762 1088 1802 et
1118 1761 1320 1803 Vaticano
1350 1766 1458 1802 3317
1491 1761 1623 1814 petita
1654 1761 1727 1801 est.

414 1830 603 1872 Ceterum
635 1831 683 1871 de
711 1831 774 1871 his
804 1830 919 1871 libris
950 1830 1149 1883 copiosius
1184 1830 1267 1871 dixi
1303 1830 1345 1870 in
1377 1829 1724 1871 commentatione
1763 1841 1867 1880 quae
1905 1827 2105 1880 inscripta
2135 1827 2199 1867 est

264 1895 495 1953 ‘Beitraege
536 1913 606 1940 zur
645 1899 783 1941 Kritik
823 1899 893 1940 der
920 1898 1174 1941 Scholiasten
1216 1899 1287 1940 des
1329 1892 1578 1953 Vergilius',
1622 1898 1664 1939 et
1704 1897 1799 1938 novi
1840 1896 1976 1938 Musei
2014 1894 2202 1937 Rhenani

273 1967 467 2009 volumini
495 1968 591 2010 XIV
621 1969 674 2022 (p.
700 1972 778 2009 535
803 1968 906 2021 sqq.)
935 1968 1101 2009 inserta.

1677 2041 1732 2086 G.
1778 2041 1965 2085 Thilo.
