2424 3201
163 683 302 755 Anno
336 717 447 753 1600
481 711 612 754 Servii
637 712 681 753 in
711 711 895 753 carmina
923 710 1100 764 Vergilii
1130 711 1415 752 commentarii
1451 724 1472 753 e
1503 711 1767 765 bybliotheca
1786 712 1901 754 Petri
1928 707 2111 755 Danielis

157 780 299 837 ‘longe
322 777 543 824 auctiores'
563 780 817 835 prodierunt.
859 780 1037 834 quinque
1060 780 1168 822 enim
1190 780 1308 822 libris
1332 793 1459 822 manu
1481 780 1645 833 scriptis
1666 781 1815 823 Daniel
1845 794 1945 823 usus
1968 781 2110 834 erat‚*)

165 852 311 906 quibus
341 851 506 904 praeter
536 862 584 891 ea
614 849 792 899 scholia,
829 861 932 902 quae
964 848 1096 890 Servii
1134 861 1222 890 esse
1256 849 1495 891 certissimis
1526 849 1774 891 testimoniis
1807 852 1989 901 constat,
2029 851 2111 893 alia

164 921 299 962 multa
330 919 668 968 continebantur,
704 931 808 972 quae
831 919 927 959 ante
955 917 1060 958 illud
1086 918 1251 971 tempus
1281 931 1363 959 non
1395 920 1514 960 erant
1536 918 1657 962 edita.
1696 919 1798 960 haec
1829 919 2112 962 additamenta

166 988 315 1030 Daniel
355 1000 605 1042 quamquam
646 1000 669 1028 a
698 987 830 1029 Servii
866 986 1031 1028 nomine
1064 986 1200 1028 aliena
1237 999 1325 1028 esse
1354 987 1628 1041 intellegebat
1668 1001 1692 1029 a
1721 987 1929 1030 Servianis
1972 991 2110 1031 tamen

166 1069 249 1098 non
281 1056 496 1106 disiunxit,
538 1068 661 1109 quam
687 1056 996 1110 neglegentiam
1027 1055 1096 1110 qui
1126 1057 1220 1109 post
1252 1068 1346 1097 eum
1376 1055 1507 1098 Servii
1549 1057 1865 1098 commentarios
1895 1057 2112 1099 ediderunt

164 1127 329 1180 praeter
346 1127 518 1167 Petrum
546 1126 833 1167 Burmannum
862 1125 1015 1167 imitati
1046 1127 1143 1167 sunt
1174 1137 1328 1166 omnes.
1372 1125 1407 1166 is
1438 1125 1546 1167 enim
1574 1125 1731 1179 primus
1762 1138 1809 1167 ea
1836 1138 1939 1178 quae
1960 1126 2110 1167 Daniel

167 1208 187 1237 e
223 1195 306 1236 suis
332 1194 448 1236 libris
475 1194 634 1236 addidit
662 1195 713 1236 ab
746 1195 796 1235 iis
827 1207 930 1248 quae
953 1193 1084 1237 Servii
1115 1194 1276 1236 codices
1302 1195 1458 1236 habent
1481 1194 1642 1236 uncinis
1665 1195 1877 1248 quadratis
1909 1195 2109 1237 distinxit.

165 1277 245 1317 qua
275 1263 435 1305 ratione
466 1264 636 1305 tametsi
665 1265 858 1305 effectum
891 1265 974 1313 est,
1016 1265 1062 1305 ut
1093 1262 1290 1305 Serviana
1317 1264 1367 1305 ab
1401 1264 1452 1304 iis
1481 1277 1586 1317 quae
1617 1276 1699 1305 non
1729 1264 1825 1304 sunt
1856 1263 1986 1305 Servii
2015 1266 2111 1306 tan-

167 1335 258 1375 tum
287 1346 371 1375 non
402 1333 591 1375 omnibus
621 1333 723 1374 locis
751 1334 862 1375 recte
895 1332 1071 1374 discerni
1100 1332 1282 1385 possint,
1316 1334 1456 1374 tamen
1484 1333 1518 1374 si
1547 1333 1636 1386 quis
1670 1332 1894 1386 genuinam
1925 1333 2112 1375 Serviani

164 1402 299 1455 operis
327 1402 504 1443 formam
536 1414 557 1442 e
587 1401 816 1444 Burmanni
847 1401 1024 1444 editione
1055 1401 1168 1443 volet
1199 1414 1361 1453 eruere,
1403 1403 1438 1444 is
1470 1415 1592 1457 aegre
1622 1402 1746 1451 feret⁷
1790 1402 1899 1455 quod
1927 1403 2110 1456 interpo—

160 1471 339 1513 lationes
359 1471 468 1520 illae,
500 1471 646 1524 quibus
680 1472 722 1513 et
751 1471 971 1512 verborum
1002 1471 1043 1511 et
1065 1471 1365 1512 sententiarum
1395 1474 1611 1514 contextus
1644 1472 1887 1513 obscuratus
1919 1473 1993 1521 est,
2022 1485 2106 1514 non

162 1539 249 1581 sine
280 1539 473 1581 molestia
504 1540 680 1594 legendo
710 1540 1111 1593 praetermittuntur.
1170 1540 1279 1593 quod
1310 1553 1403 1582 cum
1432 1541 1492 1583 ita
1522 1541 1594 1590 sit,
1625 1540 1675 1581 iis
1705 1540 1775 1594 qui
1809 1539 1949 1582 Servio
1982 1542 2107 1582 utun-

159 1609 229 1649 tur
256 1620 321 1649 me
353 1609 520 1662 gratum
549 1609 695 1651 fecisse
726 1611 839 1663 puto,
871 1609 980 1662 quod
1010 1608 1351 1657 commentarium
1380 1609 1423 1650 in
1446 1610 1677 1664 Georgicon
1698 1609 1794 1651 libri
1823 1608 1945 1662 primi
1967 1622 2109 1651 versus

163 1683 183 1718 1
203 1682 353 1718 —100
383 1678 443 1719 ita
472 1677 675 1719 edendum
707 1678 867 1727 curavi,
898 1679 945 1719 ut
974 1678 1158 1719 Danielis
1196 1679 1480 1720 additamenta
1509 1692 1532 1720 a
1564 1678 1693 1720 Servii
1725 1678 1891 1719 scholiis
1923 1677 2109 1720 seiuncta

158 1746 202 1789 in
236 1746 547 1788 adnotationem
579 1747 766 1788 criticam
795 1747 1093 1801 relegarentur.
1156 1748 1300 1789 eodem
1338 1748 1460 1789 modo
1493 1760 1598 1802 quae
1639 1760 1659 1789 e
1698 1747 1814 1788 libris
1845 1747 2107 1801 interpolatis

164 1816 231 1858 vel
262 1815 331 1858 alii
362 1817 606 1868 receperunt
627 1816 694 1858 vel
730 1817 817 1870 ipse
850 1816 1044 1869 exscripsi
1073 1829 1097 1858 a
1118 1816 1327 1859 Servianis
1350 1818 1543 1870 separata
1565 1816 1670 1858 dedi.
1705 1816 1802 1858 libri
1821 1817 1960 1858 autem
1980 1829 2106 1858 manu

160 1885 302 1939 scripti
331 1884 477 1938 quibus
507 1898 606 1927 usus
640 1898 732 1927 sum
757 1885 801 1927 hi
831 1887 953 1927 sunt:

301 1953 579 1995 Parisinus
631 1958 739 1996 7959
780 1954 860 2008 (P)
903 1955 946 1996 in
991 1955 1242 1996 membranis
1279 1955 1436 1996 formae
1478 1954 1704 2008 quadratae
1744 1954 1907 1995 saeculo
1950 1953 2106 1996 decimo

161 2021 353 2075 scriptus.
413 2022 597 2064 continet
627 2022 758 2065 Servii
787 2024 1104 2066 commentarios
1131 2023 1173 2064 in
1202 2023 1427 2065 Bucolicon
1449 2022 1682 2076 Georgicon
1702 2022 1910 2064 Aeneidos
1938 2022 2078 2066 libros

300 2090 506 2132 Bernen
521 2092 592 2133 sis
635 2097 715 2133 363
753 2092 832 2145 (B)
873 2093 1236 2142 membranaceus,
1285 2092 1441 2134 formae
1483 2092 1730 2144 quadratae,
1780 2091 1943 2133 saeculo
1996 2104 2102 2133 nono

161 2159 349 2211 scriptus.
404 2160 637 2202 accuratius
666 2162 714 2202 de
743 2161 821 2202 hoc
851 2161 956 2202 libro
983 2162 1239 2215 disputatum
1271 2162 1334 2202 est
1362 2174 1385 2202 a
1405 2160 1664 2202 Ferdinando
1686 2160 1913 2202 Hauthalio
1947 2159 2110 2214 (Schol.

158 2228 305 2268 Horat.
338 2226 419 2268 vol.
449 2228 481 2268 Ι.
513 2229 605 2270 add.
640 2231 681 2271 et
715 2243 818 2272 corr.
850 2244 888 2284 p.
911 2231 1013 2273 VIII
1036 2232 1142 2285 sqq.)
1175 2232 1216 2271 et
1247 2243 1271 2271 a
1301 2242 1367 2271 me
1400 2229 1442 2270 in
1473 2229 1615 2271 libello
1647 2229 1893 2271 scholastico
1927 2242 2102 2283 gymna—

161 2296 209 2337 sii
239 2296 571 2350 Numburgensis
605 2298 701 2339 anni
726 2303 835 2340 1856
868 2313 907 2353 p.
932 2306 954 2341 7
989 2313 1075 2353 sqq.

298 2455 330 2499 *j
363 2455 391 2489 L
403 2465 421 2489 e
430 2467 465 2490 m
474 2467 493 2490 o
504 2455 546 2490 vi
558 2467 575 2490 c
585 2467 603 2490 e
611 2467 635 2490 n
643 2457 681 2491 si
714 2458 751 2491 in
780 2460 915 2502 septeni
948 2458 1161 2502 posteriores
1187 2458 1337 2501 Eclogas
1372 2460 1408 2491 et
1436 2457 1632 2502 Georgicon
1658 2458 1787 2493 librum
1812 2460 1963 2504 primum
1989 2471 2099 2504 usque

162 2511 206 2545 ad
231 2523 369 2546 versum
396 2513 674 2548 ducentesimum
700 2515 1001 2559 septuagesimum
1028 2518 1191 2550 octavum
1203 2527 1210 2548 :
1259 2515 1287 2549 F
1298 2515 1310 2548 l
1322 2515 1414 2549 oria
1426 2526 1498 2549 cen
1508 2516 1545 2549 si
1569 2516 1606 2550 in
1632 2516 1769 2561 aliquot
1792 2517 1885 2552 locos
1904 2516 2100 2562 Georgicon

160 2571 195 2603 et
213 2568 407 2604 Aeneidos:
432 2570 567 2605 Antis
578 2572 646 2606 sio
657 2572 732 2606 dor
744 2583 761 2606 e
771 2584 795 2606 n
807 2573 848 2606 si
870 2573 907 2606 in
933 2584 1071 2608 omnem
1097 2572 1274 2607 Aeneida:
1317 2572 1344 2606 Τ
1355 2583 1404 2606 ur
1415 2583 1464 2606 on
1475 2583 1492 2606 e
1504 2583 1527 2606 n
1537 2573 1577 2607 si
1601 2574 1638 2607 in
1663 2576 1776 2609 certos
1803 2575 1959 2609 eiusdem
1985 2575 2102 2609 locos:

158 2621 219 2661 Fu
229 2627 242 2661 1
254 2626 277 2660 d
286 2638 303 2662 e
315 2638 338 2661 n
348 2638 363 2660 s
375 2628 387 2661 i
411 2628 448 2662 in
473 2629 626 2672 primum
652 2632 689 2664 et
714 2629 903 2664 secundum
928 2629 1116 2664 Aeneidos.

1679 2689 1701 2712 *
