2424 3201
2042 223 2068 265 5

119 359 202 389 non
231 346 394 400 praeter
424 344 630 386 rationem
660 345 783 395 dixin
813 359 933 396 nam,
971 344 1079 387 sicut
1110 345 1300 398 Orpheus
1326 345 1466 395 docet,
1483 344 1539 402 73)
1568 346 1888 402 generaliter74)
1917 360 2067 401 aquam

120 417 280 457 veteres
308 413 539 456 Acheloum
559 413 614 468 75)
643 415 862 456 vocabant.
923 415 1062 465 sedffl)
1095 412 1265 469 quia77)
1295 413 1530 467 specialiter
1559 416 1710 458 fluvius
1739 416 1906 469 quidam
1927 417 2068 458 Ache-

119 484 211 526 lous
243 484 482 537 dicitur‚⁷ss)
520 484 593 525 aut
625 484 781 537 species
812 484 876 525 031
903 496 977 537 pro
1006 496 1177 537 genere,
1215 484 1288 524 aut
1317 484 1542 524 secundum
1572 485 1865 538 antiquitatem
1901 484 2066 527 locutus

121 554 195 595 est.
222 553 277 607 79)
327 552 483 605 pinyui
524 553 705 593 wistan
733 552 905 594 aristam
944 553 1068 594 modo
1099 564 1173 606 pro
1211 552 1418 594 frumento
1450 552 1680 609 posuit‚⁸⁰)
1719 556 1761 597 et
1791 553 2069 611 adfectate⁸¹)

121 621 179 662 ait
202 621 398 674 pinguem
429 621 619 669 aristam,
652 634 744 662 cum
771 621 933 675 proprie
966 621 1094 662 arista
1125 621 1176 662 ab
1209 620 1401 662 ariditate
1433 621 1489 663 sit
1518 622 1639 664 dicta.

267 767 337 823 10)
367 772 404 809 et
433 783 503 811 vos
533 772 746 822 aqrestum
769 768 1020 820 praesentia
1049 769 1234 809 numina
1264 767 1439 808 Fauni:
1467 767 1494 810 i.
1518 781 1552 811 e.
1578 769 1774 824 propitia,
1794 769 1850 824 82)
1878 771 1926 812 ut
1957 770 2061 821 (Ecl.

118 838 139 878 I
161 841 232 888 41)
251 851 324 879 nec
346 841 433 879 tam
458 841 702 891 praesentes
718 838 772 891 83)
805 837 910 878 alibi
931 850 1170 890 cognoscere
1191 838 1320 887 divos,
1354 851 1528 891 quorum
1545 838 1600 895 84)
1625 838 1860 892 praesentia
1886 839 2067 894 favor⁸⁵)

121 908 194 948 031.
247 908 289 948 01
319 907 422 949 bene
455 908 504 948 de
522 907 576 960 86)
609 906 782 949 diversis
810 905 1007 962 rebus87)
1032 907 1218 948 dicturus
1249 907 1412 949 diversa
1441 908 1608 950 invocat
1633 907 1815 949 numina.
1832 908 1886 961 ss)

268 1054 338 1106 11)
366 1054 471 1106 ferte
498 1055 626 1096 simul
653 1055 884 1107 Faunique
907 1054 1152 1108 pedem-8⁹)
1188 1056 1261 1096 aut
1291 1054 1413 1095 simul
1447 1054 1606 1105 venite,
1648 1057 1722 1097 aut
1758 1056 1854 1096 date
1895 1055 2067 1097 carmini

118 1134 211 1163 meo
233 1123 490 1172 facilitatem,
518 1123 626 1177 quod
658 1124 801 1177 utique
829 1123 1002 1177 pedibus
1031 1123 1281 1175 continetur,
1312 1125 1360 1165 ut
1388 1123 1443 1165 sit
1458 1123 1514 1178 ⁹⁰)
1544 1123 1649 1176 ferte
1673 1125 1821 1177 pedem
1851 1125 2067 1168 metricam

118 1193 329 1245 praestate
362 1192 648 1249 rationemffl)

258 1491 314 1534 73)
342 1493 378 1524 et
401 1489 657 1534 Aristophanes
684 1488 835 1523 comicus
862 1490 899 1522 01
920 1488 1081 1532 Ephoros
1117 1488 1307 1533 (euphorus
1332 1489 1423 1534 cod.)
1451 1489 1649 1524 ,11131011οΠ3
1675 1490 1842 1532 tradunt,
1882 1491 2065 1527 Acheloon

117 1548 201 1583 add.
228 1548 274 1583 L.
310 1548 372 1591 (cf.
398 1547 561 1582 illacrob.
589 1546 667 1582 Sat.
692 1546 724 1578 V
750 1545 794 1580 18
820 1545 872 1580 ed.
899 1545 1001 1590 Rip.)
1105 1546 1162 1591 74)
1188 1548 1334 1591 propter
1359 1547 1611 1592 antiquitatem
1636 1548 1793 1582 fluminis
1818 1559 1957 1583 omnem
1982 1549 2067 1584 add.

115 1606 161 1640 L.
216 1606 278 1649 (cf.
304 1605 489 1649 Didymus
514 1615 572 1648 ap.
599 1603 760 1637 Maerob.
786 1603 808 1637 l.
835 1603 855 1637 l.
892 1602 1046 1648 ii‘uemov
1070 1603 1109 1637 δὲ
1136 1605 1252 1637 ἐκεῖνο
1282 1608 1402 1649 λέγειν
1435 1605 1489 1639 ὅτι
1523 1606 1585 1639 διὰ
1609 1605 1649 1639 τὸ
1679 1604 1832 1639 πάντων
1857 1609 1929 1640 τῶν
1955 1619 2069 1641 ποτα-

115 1667 198 1709 μῶν
222 1661 470 1709 πρεσβύτατον
497 1662 590 1697 εἶναι
616 1660 808 1706 Astacum),
837 1659 948 1706 τιμὴν
974 1659 1227 1705 ἀπονέμοντας
1253 1662 1349 1706 αὐτῷ
1374 1662 1456 1701 τοὺς
1485 1660 1706 1707 ἀνθρώπους
1731 1660 1850 1697 πάντα
1879 1663 2002 1702 ἁπλῶς
2024 1663 2068 1698 τὰ

116 1718 262 1765 νάματα
287 1722 336 1764 τῷ
363 1720 506 1753 ἐκείνου
535 1716 689 1763 ὀνόματι
716 1715 1023 1763 προςαγορεύειν.)
1100 1720 1156 1763 75)
1182 1719 1374 1754 Acheloum
1400 1730 1465 1754 om.
1495 1719 1549 1760 L,
1575 1720 1756 1754 acheloam
1788 1720 1824 1754 V
1896 1721 1954 1766 76)
1980 1732 2064 1766 ergo

115 1775 166 1817 L,
193 1776 284 1810 sicut
310 1776 346 1809 B
419 1776 476 1819 77)
503 1776 563 1821 qui
588 1777 624 1810 P
694 1775 751 1817 78)
776 1776 905 1810 fluvius
931 1776 1076 1820 quidam
1099 1776 1274 1812 Achelous
1300 1776 1444 1822 dicitur]
1470 1777 1643 1811 Achelous
1662 1776 1830 1812 Graeciae
1855 1778 1983 1813 fluvius
2009 1781 2065 1814 est

115 1833 150 1867 L
223 1833 280 1873 79)
306 1832 396 1866 dixit
417 1834 453 1867 Β
524 1835 582 1878 80)
607 1833 695 1868 dixit
719 1833 755 1867 Β
826 1833 884 1875 81)
910 1845 931 1868 a
954 1834 1172 1869 fecunditate
1198 1835 1252 1875 B,
1276 1834 1440 1869 affectate
1465 1834 1517 1868 ait
1541 1834 1667 1879 pingui
1691 1845 1787 1878 supr.
1813 1846 1903 1870 vers.
1928 1847 1970 1870 m.
1996 1846 2060 1871 sec.

123 1890 157 1925 V
222 1890 279 1933 82)
303 1889 559 1926 AGRESTUM
584 1891 734 1925 subaudi
760 1891 915 1926 deorum.
964 1891 1261 1926 PRAESENTIA
1285 1893 1305 1926 i.
1333 1902 1362 1926 0.
1386 1891 1544 1936 propitia
1568 1892 1653 1926 add.
1678 1892 1714 1927 R
1808 1894 1866 1937 83)
1895 1903 2062 1937 praesens

115 1947 152 1982 P
221 1948 279 1992 84)
308 1948 471 1992 quorum]
497 1949 681 1982 numinum
706 1951 825 1984 autem
851 1949 888 1984 R
958 1949 1015 1994 85)
1040 1949 1064 1983 i.
1092 1961 1121 1984 0.
1150 1950 1319 1984 auxilium
1342 1949 1426 1984 add.
1452 1950 1489 1983 Β
1575 1951 1633 1993 86)
1660 1961 1726 1984 om.
1754 1950 1790 1984 Β
1873 1949 1933 1994 87)
1959 1952 1995 1984 01
2017 1950 2064 1985 ad

115 2006 266 2040 rusticos
290 2005 552 2049 pertinentibus
573 2006 655 2040 add.
683 2007 718 2042 R
809 2008 868 2053 88)
895 2008 1040 2043 nomina
1062 2009 1110 2042 Β.
1157 2008 1222 2042 1100
1247 2007 1342 2041 enim
1366 2009 1402 2041 01
1431 2007 1468 2041 111
1493 2008 1602 2041 330113
1629 2007 1706 2042 fieri
1731 2006 1887 2047 solebat,
1915 2009 1956 2041 01
1979 2009 2063 2051 post

115 2063 285 2107 specialia
316 2063 362 2096 ad
383 2073 460 2097 eam
487 2074 561 2097 rem
588 2063 630 2098 de
666 2075 735 2109 qua
760 2065 933 2110 agebatur
965 2066 1130 2099 invocata
1155 2065 1301 2098 numina
1327 2075 1447 2099 omnes
1481 2064 1531 2098 dii
1555 2065 1611 2099 vel
1641 2064 1725 2099 deae
1749 2064 1892 2099 confuse
1918 2065 2060 2099 invoca-

115 2122 245 2156 rentur.
292 2119 589 2155 PRAESENTIA
612 2121 805 2157 NUMINA
828 2123 999 2158 FAUNI:
1026 2123 1239 2167 praesentia,
1265 2123 1430 2167 quoniam
1449 2121 1613 2156 dicuntur
1628 2133 1740 2167 usque
1766 2121 1811 2156 ad
1836 2132 1876 2156 ea
1901 2124 2064 2167 tempora

114 2178 243 2222 quibus
269 2177 338 2211 fuit
361 2177 522 2219 Faunus,
551 2179 611 2223 qui
636 2179 750 2213 dictus
779 2182 834 2214 est
857 2192 878 2214 a
900 2181 1018 2223 fando,
1044 2181 1121 2215 visa
1145 2191 1221 2216 0330
1246 2180 1401 2214 numina.
1449 2179 1591 2224 quidam
1616 2179 1758 2214 Faunos
1783 2181 1916 2223 putant
1948 2180 2062 2214 dictos

115 2235 159 2269 ab
186 2246 225 2270 00
252 2235 344 2281 quod
366 2235 528 2280 frugibus
552 2236 704 2270 faveant.
754 2237 897 2272 Cincius
922 2241 957 2272 01
970 2238 1116 2273 Cassius
1141 2239 1244 2273 aiunt
1267 2238 1311 2272 ab
1327 2237 1491 2272 Evandro
1513 2238 1675 2272 Faunum
1699 2236 1802 2270 deum
1829 2237 2059 2281 appellatum,

114 2292 262 2337 ideoque
287 2293 390 2327 aedes
406 2299 533 2327 ‘sacras
560 2294 687 2328 saunas
711 2294 824 2338 primo
851 2296 1069 2340 appellatas,
1096 2298 1220 2341 postea
1245 2295 1331 2329 fana
1355 2294 1469 2336 dicta,
1505 2296 1540 2329 01
1563 2305 1606 2329 ex
1631 2305 1671 2329 eo
1697 2295 1758 2339 qui
1780 2294 1902 2329 futura
1926 2295 2061 2339 praeci-

115 2352 240 2384 nerent
263 2350 438 2385 fanaticos
464 2350 544 2385 dici.
602 2351 846 2394 FAUNIQUE
880 2352 1062 2387 PEDEM:
1103 2365 1181 2388 cum
1215 2364 1305 2386 unus
1332 2352 1475 2386 Faunus
1513 2352 1580 2394 sit,
1617 2363 1677 2386 cur
1702 2352 1890 2396 pluraliter
1914 2350 2061 2397 posuit?

116 2406 178 2440 sed
205 2407 316 2441 Varro
342 2407 386 2442 ad
410 2408 614 2443 Ciceronem
645 2408 727 2452 <VH
753 2409 798 2444 36
822 2409 965 2454 Muelz.)
996 2410 1048 2444 ita
1084 2410 1152 2444 ait:
1193 2410 1309 2444 Fauni
1343 2412 1426 2454 (om.
1453 2409 1548 2453 cod.)
1582 2409 1633 2444 dii
1662 2409 1892 2451 Latinorum,
1934 2410 1988 2444 ita
2017 2411 2060 2444 01

115 2463 258 2498 Faunus
283 2467 319 2499 et
342 2465 464 2500 Fauna
489 2466 538 2500 sit
561 2470 581 2508 †
601 2476 664 2510 per
689 2476 729 2500 ex
758 2466 917 2501 versibus
941 2477 1028 2511 quos
1054 2469 1182 2502 vocant
1211 2467 1388 2502 saturnios
1419 2467 1457 2501 in
1481 2466 1704 2502 silvestribus
1729 2467 1816 2501 locis
1848 2467 1973 2502 solitos
1991 2466 2060 2501 fari

114 2521 236 2555 futura
261 2524 367 2566 atque
389 2523 470 2557 inde
498 2523 638 2557 Faunos
663 2523 775 2558 dictos
801 2534 877 2558 esse
902 2523 986 2558 add.
1005 2524 1040 2558 L
1134 2525 1192 2569 89)
1218 2524 1342 2569 pedem
1367 2525 1520 2559 FERTE
1542 2524 1688 2560 SIMUL
1705 2524 1740 2558 L
1833 2524 1891 2565 90)
1918 2534 2060 2558 sensum

115 2578 199 2612 add.
225 2579 263 2613 Β
348 2580 406 2623 91)
432 2580 647 2616 PUELLAE
671 2581 846 2625 nimphae.
896 2580 1095 2616 MUNERA
1121 2581 1306 2616 VESTRA
1332 2581 1371 2616 C.
1396 2582 1421 2616 i.
1447 2593 1477 2617 e.
1509 2593 1599 2627 quae
1627 2593 1689 2627 per
1724 2592 1786 2616 vos
1811 2583 1895 2615 sunt
1918 2581 2059 2615 conlata

114 2635 316 2670 hominibus
340 2636 425 2671 add.
459 2637 512 2678 R,
553 2637 868 2681 DRYADESQUE
893 2637 1210 2682 (DRIADESQUE
1234 2638 1324 2681 eod.)
1357 2638 1592 2674 PUELLAE:
1628 2638 1777 2685 dryades
1803 2649 1823 2673 a
1851 2637 2057 2683 quercubus,

117 2693 209 2736 quod
233 2693 304 2728 iam
330 2704 437 2738 supra
462 2694 594 2730 dictum
620 2698 673 2730 031
697 2695 781 2729 add.
804 2694 838 2729 L
