<?xml version="1.0" encoding="UTF-8"?>
<!DOCTYPE html PUBLIC "-//W3C//DTD XHTML 1.0 Transitional//EN"
    "http://www.w3.org/TR/xhtml1/DTD/xhtml1-transitional.dtd">
<html xmlns="http://www.w3.org/1999/xhtml" xml:lang="en" lang="en">
 <head>
  <title>
</title>
<meta http-equiv="Content-Type" content="text/html;charset=utf-8" />
  <meta name='ocr-system' content='tesseract 3.04.00' />
  <meta name='ocr-capabilities' content='ocr_page ocr_carea ocr_par ocr_line ocrx_word'/>
</head>
<body>
  <div class='ocr_page' id='page_1' title='image "./serviigrammatici00servuoft_0014.png"; bbox 0 0 2393 3141; ppageno 0'>
   <div class='ocr_carea' id='block_1_1' title="bbox 303 315 2300 1123">
    <p class='ocr_par' dir='ltr' id='par_1_1' title="bbox 303 315 2300 1123">
     <span class='ocr_line' id='line_1_1' title="bbox 439 315 2242 376; baseline -0.004 -10"><span class='ocrx_word' id='word_1_1' title='bbox 439 330 506 370; x_wconf 80' lang='grc'>12)</span> <span class='ocrx_word' id='word_1_2' title='bbox 535 327 660 376; x_wconf 72' lang='lat' dir='ltr'>tuque</span> <span class='ocrx_word' id='word_1_3' title='bbox 692 335 714 363; x_wconf 93' lang='lat' dir='ltr'>o</span> <span class='ocrx_word' id='word_1_4' title='bbox 739 321 807 363; x_wconf 73' lang='lat' dir='ltr'>cui</span> <span class='ocrx_word' id='word_1_5' title='bbox 837 319 984 372; x_wconf 75' lang='lat' dir='ltr'>prima</span> <span class='ocrx_word' id='word_1_6' title='bbox 1005 319 1248 370; x_wconf 74' lang='lat' dir='ltr'>frementem</span> <span class='ocrx_word' id='word_1_7' title='bbox 1273 317 1390 369; x_wconf 65' lang='lat' dir='ltr'>fudit</span> <span class='ocrx_word' id='word_1_8' title='bbox 1420 329 1570 369; x_wconf 75' lang='lat' dir='ltr'>equum</span> <span class='ocrx_word' id='word_1_9' title='bbox 1600 328 1755 368; x_wconf 74' lang='lat' dir='ltr'>mayno</span> <span class='ocrx_word' id='word_1_10' title='bbox 1785 315 1907 358; x_wconf 76' lang='lat' dir='ltr'>tellus</span> <span class='ocrx_word' id='word_1_11' title='bbox 1924 329 2132 369; x_wconf 75' lang='lat' dir='ltr'>percussa</span> <span class='ocrx_word' id='word_1_12' title='bbox 2160 319 2242 359; x_wconf 75' lang='lat' dir='ltr'>tri-</span> 
     </span>
     <span class='ocr_line' id='line_1_2' title="bbox 303 384 2240 447; baseline -0.004 -12"><span class='ocrx_word' id='word_1_13' title='bbox 303 394 438 436; x_wconf 67' lang='lat' dir='ltr'>denti:</span> <span class='ocrx_word' id='word_1_14' title='bbox 454 392 508 447; x_wconf 77' lang='grc'>92)</span> <span class='ocrx_word' id='word_1_15' title='bbox 537 391 677 434; x_wconf 82' lang='lat' dir='ltr'>fabula</span> <span class='ocrx_word' id='word_1_16' title='bbox 696 389 793 431; x_wconf 87' lang='lat' dir='ltr'>talis</span> <span class='ocrx_word' id='word_1_17' title='bbox 815 388 889 430; x_wconf 89' lang='lat' dir='ltr'>est.</span> <span class='ocrx_word' id='word_1_18' title='bbox 908 385 962 441; x_wconf 83' lang='lat'>⁹³)</span> <span class='ocrx_word' id='word_1_19' title='bbox 1008 398 1102 427; x_wconf 90' lang='lat' dir='ltr'>cum</span> <span class='ocrx_word' id='word_1_20' title='bbox 1121 385 1341 438; x_wconf 89' lang='lat' dir='ltr'>Neptunus</span> <span class='ocrx_word' id='word_1_21' title='bbox 1371 386 1413 426; x_wconf 87' lang='lat' dir='ltr'>et</span> <span class='ocrx_word' id='word_1_22' title='bbox 1439 384 1630 426; x_wconf 89' lang='lat' dir='ltr'>Minerva</span> <span class='ocrx_word' id='word_1_23' title='bbox 1653 385 1702 426; x_wconf 89' lang='lat' dir='ltr'>de</span> <span class='ocrx_word' id='word_1_24' title='bbox 1724 384 1984 428; x_wconf 70' lang='lat' dir='ltr'><strong>Athenarum</strong></span> <span class='ocrx_word' id='word_1_25' title='bbox 2004 386 2169 428; x_wconf 85' lang='lat' dir='ltr'>nomine</span> <span class='ocrx_word' id='word_1_26' title='bbox 2185 386 2240 442; x_wconf 79' lang='lat'>⁹4)</span> 
     </span>
     <span class='ocr_line' id='line_1_3' title="bbox 305 453 2239 512; baseline -0.005 -7"><span class='ocrx_word' id='word_1_27' title='bbox 305 461 617 508; x_wconf 76' lang='lat' dir='ltr'>contenderent,</span> <span class='ocrx_word' id='word_1_28' title='bbox 662 457 818 512; x_wconf 88' lang='lat' dir='ltr'>placuit</span> <span class='ocrx_word' id='word_1_29' title='bbox 857 455 950 503; x_wconf 88' lang='lat' dir='ltr'>diis,</span> <span class='ocrx_word' id='word_1_30' title='bbox 1001 455 1048 495; x_wconf 91' lang='lat' dir='ltr'>ut</span> <span class='ocrx_word' id='word_1_31' title='bbox 1078 453 1164 495; x_wconf 86' lang='lat' dir='ltr'>eius</span> <span class='ocrx_word' id='word_1_32' title='bbox 1195 453 1360 494; x_wconf 88' lang='lat' dir='ltr'>nomine</span> <span class='ocrx_word' id='word_1_33' title='bbox 1395 453 1540 494; x_wconf 84' lang='lat' dir='ltr'>civitas</span> <span class='ocrx_word' id='word_1_34' title='bbox 1571 453 1872 506; x_wconf 76' lang='lat' dir='ltr'>appellaretur,</span> <span class='ocrx_word' id='word_1_35' title='bbox 1892 454 1947 509; x_wconf 82' lang='lat'>⁹⁵)</span> <span class='ocrx_word' id='word_1_36' title='bbox 1982 455 2051 508; x_wconf 91' lang='lat' dir='ltr'>qui</span> <span class='ocrx_word' id='word_1_37' title='bbox 2090 467 2239 496; x_wconf 84' lang='lat' dir='ltr'>munus</span> 
     </span>
     <span class='ocr_line' id='line_1_4' title="bbox 303 521 2240 577; baseline -0.005 -4"><span class='ocrx_word' id='word_1_38' title='bbox 303 530 448 572; x_wconf 85' lang='lat' dir='ltr'>melius</span> <span class='ocrx_word' id='word_1_39' title='bbox 474 527 717 570; x_wconf 74' lang='lat' dir='ltr'>mortalibus</span> <span class='ocrx_word' id='word_1_40' title='bbox 746 522 1048 577; x_wconf 78' lang='lat' dir='ltr'>obtulisset.9⁶)</span> <span class='ocrx_word' id='word_1_41' title='bbox 1111 524 1210 563; x_wconf 91' lang='lat' dir='ltr'>tunc</span> <span class='ocrx_word' id='word_1_42' title='bbox 1239 521 1460 574; x_wconf 86' lang='lat' dir='ltr'>Neptunus</span> <span class='ocrx_word' id='word_1_43' title='bbox 1502 534 1695 574; x_wconf 85' lang='lat' dir='ltr'>percusso</span> <span class='ocrx_word' id='word_1_44' title='bbox 1726 521 1846 563; x_wconf 90' lang='lat' dir='ltr'>litore</span> <span class='ocrx_word' id='word_1_45' title='bbox 1880 534 2048 575; x_wconf 89' lang='lat' dir='ltr'>equum,</span> <span class='ocrx_word' id='word_1_46' title='bbox 2086 523 2240 564; x_wconf 88' lang='lat' dir='ltr'>animal</span> 
     </span>
     <span class='ocr_line' id='line_1_5' title="bbox 311 589 2240 649; baseline -0.004 -10"><span class='ocrx_word' id='word_1_47' title='bbox 311 597 429 638; x_wconf 87' lang='lat' dir='ltr'>bellis</span> <span class='ocrx_word' id='word_1_48' title='bbox 456 598 616 649; x_wconf 86' lang='lat' dir='ltr'>aptum,</span> <span class='ocrx_word' id='word_1_49' title='bbox 664 592 882 647; x_wconf 86' lang='lat' dir='ltr'>produxit,</span> <span class='ocrx_word' id='word_1_50' title='bbox 931 591 1120 633; x_wconf 89' lang='lat' dir='ltr'>Minerva</span> <span class='ocrx_word' id='word_1_51' title='bbox 1149 590 1260 631; x_wconf 90' lang='lat' dir='ltr'>iacta</span> <span class='ocrx_word' id='word_1_52' title='bbox 1289 591 1410 631; x_wconf 83' lang='lat' dir='ltr'>hasta</span> <span class='ocrx_word' id='word_1_53' title='bbox 1428 589 1483 645; x_wconf 76' lang='lat'>9¹)</span> <span class='ocrx_word' id='word_1_54' title='bbox 1524 589 1676 631; x_wconf 87' lang='lat' dir='ltr'>olivam</span> <span class='ocrx_word' id='word_1_55' title='bbox 1708 590 1884 638; x_wconf 87' lang='lat' dir='ltr'>creavit,</span> <span class='ocrx_word' id='word_1_56' title='bbox 1937 604 2040 644; x_wconf 90' lang='lat' dir='ltr'>quae</span> <span class='ocrx_word' id='word_1_57' title='bbox 2072 604 2138 632; x_wconf 90' lang='lat' dir='ltr'>res</span> <span class='ocrx_word' id='word_1_58' title='bbox 2177 591 2240 632; x_wconf 87' lang='lat' dir='ltr'>est</span> 
     </span>
     <span class='ocr_line' id='line_1_6' title="bbox 305 658 2240 716; baseline -0.004 -9"><span class='ocrx_word' id='word_1_59' title='bbox 305 666 447 707; x_wconf 88' lang='lat' dir='ltr'>melior</span> <span class='ocrx_word' id='word_1_60' title='bbox 480 663 743 716; x_wconf 84' lang='lat' dir='ltr'>comprobata</span> <span class='ocrx_word' id='word_1_61' title='bbox 766 660 820 715; x_wconf 77' lang='lat'>98)</span> <span class='ocrx_word' id='word_1_62' title='bbox 859 661 900 701; x_wconf 92' lang='lat' dir='ltr'>et</span> <span class='ocrx_word' id='word_1_63' title='bbox 933 659 1045 712; x_wconf 89' lang='lat' dir='ltr'>pacis</span> <span class='ocrx_word' id='word_1_64' title='bbox 1079 658 1250 712; x_wconf 79' lang='lat' dir='ltr'>insigne.</span> <span class='ocrx_word' id='word_1_65' title='bbox 1271 658 1325 713; x_wconf 81' lang='lat'>99)</span> <span class='ocrx_word' id='word_1_66' title='bbox 1385 660 1433 699; x_wconf 87' lang='lat' dir='ltr'>ut</span> <span class='ocrx_word' id='word_1_67' title='bbox 1471 659 1610 699; x_wconf 87' lang='lat' dir='ltr'>autem</span> <span class='ocrx_word' id='word_1_68' title='bbox 1640 659 1762 700; x_wconf 88' lang='lat' dir='ltr'>modo</span> <span class='ocrx_word' id='word_1_69' title='bbox 1796 659 2037 712; x_wconf 73' lang='lat' dir='ltr'>Neptunum</span> <span class='ocrx_word' id='word_1_70' title='bbox 2076 659 2240 700; x_wconf 78' lang='lat' dir='ltr'>invocet</span> 
     </span>
     <span class='ocr_line' id='line_1_7' title="bbox 307 725 2240 781; baseline -0.004 -6"><span class='ocrx_word' id='word_1_71' title='bbox 307 747 426 775; x_wconf 85' lang='lat' dir='ltr'>causa</span> <span class='ocrx_word' id='word_1_72' title='bbox 459 734 543 774; x_wconf 89' lang='lat' dir='ltr'>eius</span> <span class='ocrx_word' id='word_1_73' title='bbox 576 730 756 772; x_wconf 85' lang='lat' dir='ltr'>muneris</span> <span class='ocrx_word' id='word_1_74' title='bbox 789 729 910 777; x_wconf 86' lang='lat' dir='ltr'>facit,</span> <span class='ocrx_word' id='word_1_75' title='bbox 945 728 1040 781; x_wconf 88' lang='lat' dir='ltr'>quia</span> <span class='ocrx_word' id='word_1_76' title='bbox 1071 728 1120 768; x_wconf 88' lang='lat' dir='ltr'>de</span> <span class='ocrx_word' id='word_1_77' title='bbox 1156 727 1270 779; x_wconf 88' lang='lat' dir='ltr'>equis</span> <span class='ocrx_word' id='word_1_78' title='bbox 1303 729 1366 768; x_wconf 89' lang='lat' dir='ltr'>est</span> <span class='ocrx_word' id='word_1_79' title='bbox 1397 725 1582 767; x_wconf 84' lang='lat' dir='ltr'>dicturus</span> <span class='ocrx_word' id='word_1_80' title='bbox 1614 726 1654 767; x_wconf 86' lang='lat' dir='ltr'>in</span> <span class='ocrx_word' id='word_1_81' title='bbox 1684 727 1826 768; x_wconf 88' lang='lat' dir='ltr'>tertio:</span> <span class='ocrx_word' id='word_1_82' title='bbox 1865 725 2140 781; x_wconf 82' lang='lat' dir='ltr'>alioquin100)</span> <span class='ocrx_word' id='word_1_83' title='bbox 2177 727 2240 767; x_wconf 91' lang='lat' dir='ltr'>in-</span> 
     </span>
     <span class='ocr_line' id='line_1_8' title="bbox 305 795 2300 855; baseline -0.004 -12"><span class='ocrx_word' id='word_1_84' title='bbox 305 813 528 855; x_wconf 85' lang='lat' dir='ltr'>congruum</span> <span class='ocrx_word' id='word_1_85' title='bbox 566 801 648 847; x_wconf 86' lang='lat' dir='ltr'>est,</span> <span class='ocrx_word' id='word_1_86' title='bbox 702 799 737 840; x_wconf 89' lang='lat' dir='ltr'>si</span> <span class='ocrx_word' id='word_1_87' title='bbox 777 799 825 839; x_wconf 89' lang='lat' dir='ltr'>de</span> <span class='ocrx_word' id='word_1_88' title='bbox 864 795 1119 851; x_wconf 81' lang='lat' dir='ltr'>agricultura</span> <span class='ocrx_word' id='word_1_89' title='bbox 1163 795 1377 836; x_wconf 85' lang='lat' dir='ltr'>locuturus</span> <span class='ocrx_word' id='word_1_90' title='bbox 1420 807 1571 835; x_wconf 87' lang='lat' dir='ltr'>numen</span> <span class='ocrx_word' id='word_1_91' title='bbox 1608 795 1773 837; x_wconf 80' lang='lat' dir='ltr'>invocet</span> <span class='ocrx_word' id='word_1_92' title='bbox 1799 795 1830 850; x_wconf 88' lang='lat'>¹)</span> <span class='ocrx_word' id='word_1_93' title='bbox 1874 795 2010 838; x_wconf 80' lang='lat' dir='ltr'>maris,</span> <span class='ocrx_word' id='word_1_94' title='bbox 2091 807 2241 848; x_wconf 88' lang='lat' dir='ltr'>equum</span> <span class='ocrx_word' id='word_1_95' title='bbox 2296 822 2300 826; x_wconf 88' lang='lat'>-</span> 
     </span>
     <span class='ocr_line' id='line_1_9' title="bbox 305 863 2240 921; baseline -0.004 -10"><span class='ocrx_word' id='word_1_96' title='bbox 305 871 441 911; x_wconf 88' lang='lat' dir='ltr'>autem</span> <span class='ocrx_word' id='word_1_97' title='bbox 471 882 494 910; x_wconf 87' lang='lat' dir='ltr'>a</span> <span class='ocrx_word' id='word_1_98' title='bbox 526 869 715 921; x_wconf 87' lang='lat' dir='ltr'>Neptuno</span> <span class='ocrx_word' id='word_1_99' title='bbox 745 866 1004 920; x_wconf 87' lang='lat' dir='ltr'>progenitum</span> <span class='ocrx_word' id='word_1_100' title='bbox 1037 864 1107 906; x_wconf 88' lang='lat' dir='ltr'>alii</span> <span class='ocrx_word' id='word_1_101' title='bbox 1135 863 1377 917; x_wconf 78' lang='lat' dir='ltr'>Scyphium,</span> <span class='ocrx_word' id='word_1_102' title='bbox 1397 864 1427 912; x_wconf 75' lang='grc'>2)</span> <span class='ocrx_word' id='word_1_103' title='bbox 1473 863 1542 904; x_wconf 85' lang='lat' dir='ltr'>alii</span> <span class='ocrx_word' id='word_1_104' title='bbox 1575 863 1853 919; x_wconf 81' lang='lat' dir='ltr'>Scironem,3)</span> <span class='ocrx_word' id='word_1_105' title='bbox 1894 863 1963 905; x_wconf 91' lang='lat' dir='ltr'>alii</span> <span class='ocrx_word' id='word_1_106' title='bbox 1994 863 2192 904; x_wconf 78' lang='lat' dir='ltr'>Arionem</span> <span class='ocrx_word' id='word_1_107' title='bbox 2207 863 2240 914; x_wconf 83' lang='lat'>4)</span> 
     </span>
     <span class='ocr_line' id='line_1_10' title="bbox 307 932 2240 985; baseline -0.004 -5"><span class='ocrx_word' id='word_1_108' title='bbox 307 939 445 980; x_wconf 87' lang='lat' dir='ltr'>dicunt</span> <span class='ocrx_word' id='word_1_109' title='bbox 476 938 599 979; x_wconf 86' lang='lat' dir='ltr'>fuisse</span> <span class='ocrx_word' id='word_1_110' title='bbox 630 936 898 982; x_wconf 81' lang='lat' dir='ltr'>nominatum.</span> <span class='ocrx_word' id='word_1_111' title='bbox 961 934 1002 974; x_wconf 90' lang='lat' dir='ltr'>et</span> <span class='ocrx_word' id='word_1_112' title='bbox 1031 933 1121 973; x_wconf 86' lang='lat' dir='ltr'>ideo</span> <span class='ocrx_word' id='word_1_113' title='bbox 1156 932 1305 973; x_wconf 87' lang='lat' dir='ltr'>dicitur</span> <span class='ocrx_word' id='word_1_114' title='bbox 1338 945 1487 984; x_wconf 89' lang='lat' dir='ltr'>equum</span> <span class='ocrx_word' id='word_1_115' title='bbox 1519 932 1746 979; x_wconf 86' lang='lat' dir='ltr'>invenisse,</span> <span class='ocrx_word' id='word_1_116' title='bbox 1787 932 1881 985; x_wconf 91' lang='lat' dir='ltr'>quia</span> <span class='ocrx_word' id='word_1_117' title='bbox 1912 933 2030 974; x_wconf 84' lang='lat' dir='ltr'>velox</span> <span class='ocrx_word' id='word_1_118' title='bbox 2064 933 2127 973; x_wconf 90' lang='lat' dir='ltr'>est</span> <span class='ocrx_word' id='word_1_119' title='bbox 2155 932 2240 973; x_wconf 87' lang='lat' dir='ltr'>eius</span> 
     </span>
     <span class='ocr_line' id='line_1_11' title="bbox 305 999 2242 1056; baseline -0.004 -8"><span class='ocrx_word' id='word_1_120' title='bbox 305 1019 455 1048; x_wconf 90' lang='lat' dir='ltr'>numen</span> <span class='ocrx_word' id='word_1_121' title='bbox 495 1006 535 1046; x_wconf 89' lang='lat' dir='ltr'>et</span> <span class='ocrx_word' id='word_1_122' title='bbox 573 1005 723 1046; x_wconf 88' lang='lat' dir='ltr'>mobile</span> <span class='ocrx_word' id='word_1_123' title='bbox 747 1004 779 1056; x_wconf 86' lang='lat'>5)</span> <span class='ocrx_word' id='word_1_124' title='bbox 834 1003 940 1044; x_wconf 88' lang='lat' dir='ltr'>sicut</span> <span class='ocrx_word' id='word_1_125' title='bbox 977 1013 1101 1042; x_wconf 85' lang='lat' dir='ltr'>mare.</span> <span class='ocrx_word' id='word_1_126' title='bbox 1163 1001 1272 1042; x_wconf 87' lang='lat' dir='ltr'>unde</span> <span class='ocrx_word' id='word_1_127' title='bbox 1312 1000 1437 1041; x_wconf 86' lang='lat' dir='ltr'>etiam</span> <span class='ocrx_word' id='word_1_128' title='bbox 1478 999 1623 1042; x_wconf 84' lang='lat' dir='ltr'>Castor</span> <span class='ocrx_word' id='word_1_129' title='bbox 1666 1001 1706 1041; x_wconf 83' lang='lat' dir='ltr'>et</span> <span class='ocrx_word' id='word_1_130' title='bbox 1749 999 1915 1049; x_wconf 85' lang='lat' dir='ltr'>Pollux,</span> <span class='ocrx_word' id='word_1_131' title='bbox 1967 1001 2063 1053; x_wconf 87' lang='lat' dir='ltr'>quia</span> <span class='ocrx_word' id='word_1_132' title='bbox 2101 1013 2242 1042; x_wconf 87' lang='lat' dir='ltr'>eorum</span> 
     </span>
     <span class='ocr_line' id='line_1_12' title="bbox 305 1068 1769 1123; baseline -0.005 -7"><span class='ocrx_word' id='word_1_133' title='bbox 305 1075 584 1116; x_wconf 83' lang='lat' dir='ltr'>velocissimae</span> <span class='ocrx_word' id='word_1_134' title='bbox 616 1072 761 1114; x_wconf 88' lang='lat' dir='ltr'>stellae</span> <span class='ocrx_word' id='word_1_135' title='bbox 793 1074 909 1120; x_wconf 88' lang='lat' dir='ltr'>sunt,</span> <span class='ocrx_word' id='word_1_136' title='bbox 943 1083 1067 1123; x_wconf 88' lang='lat' dir='ltr'>equos</span> <span class='ocrx_word' id='word_1_137' title='bbox 1096 1070 1138 1109; x_wconf 90' lang='lat' dir='ltr'>in</span> <span class='ocrx_word' id='word_1_138' title='bbox 1169 1068 1303 1109; x_wconf 87' lang='lat' dir='ltr'>tutela</span> <span class='ocrx_word' id='word_1_139' title='bbox 1330 1068 1483 1110; x_wconf 87' lang='lat' dir='ltr'>habere</span> <span class='ocrx_word' id='word_1_140' title='bbox 1517 1069 1720 1110; x_wconf 86' lang='lat' dir='ltr'>dicuntur.</span> <span class='ocrx_word' id='word_1_141' title='bbox 1738 1069 1769 1120; x_wconf 78' lang='grc'>6)</span> 
     </span>
    </p>
   </div>
   <div class='ocr_carea' id='block_1_2' title="bbox 305 1175 2244 1397">
    <p class='ocr_par' dir='ltr' id='par_1_2' title="bbox 305 1175 2244 1397">
     <span class='ocr_line' id='line_1_13' title="bbox 439 1175 2244 1225; baseline -0.004 -9"><span class='ocrx_word' id='word_1_142' title='bbox 439 1184 496 1221; x_wconf 76' lang='grc'>92)</span> <span class='ocrx_word' id='word_1_143' title='bbox 524 1180 763 1225; x_wconf 85' lang='lat' dir='ltr'>antiquissimi</span> <span class='ocrx_word' id='word_1_144' title='bbox 779 1178 861 1212; x_wconf 89' lang='lat' dir='ltr'>libri</span> <span class='ocrx_word' id='word_1_145' title='bbox 887 1177 991 1211; x_wconf 78' lang='lat' dir='ltr'>‘fudit</span> <span class='ocrx_word' id='word_1_146' title='bbox 1013 1178 1156 1221; x_wconf 83' lang='lat' dir='ltr'>aquam&#39;</span> <span class='ocrx_word' id='word_1_147' title='bbox 1178 1176 1336 1220; x_wconf 85' lang='lat' dir='ltr'>plerique</span> <span class='ocrx_word' id='word_1_148' title='bbox 1361 1175 1571 1215; x_wconf 82' lang='lat' dir='ltr'>habuerunt,</span> <span class='ocrx_word' id='word_1_149' title='bbox 1599 1176 1764 1220; x_wconf 81' lang='lat' dir='ltr'>quoniam</span> <span class='ocrx_word' id='word_1_150' title='bbox 1782 1175 1969 1220; x_wconf 85' lang='lat' dir='ltr'>Neptunus</span> <span class='ocrx_word' id='word_1_151' title='bbox 1987 1175 2190 1210; x_wconf 85' lang='lat' dir='ltr'>fluminibus</span> <span class='ocrx_word' id='word_1_152' title='bbox 2208 1177 2244 1209; x_wconf 84' lang='lat' dir='ltr'>et</span> 
     </span>
     <span class='ocr_line' id='line_1_14' title="bbox 305 1232 2241 1283; baseline -0.004 -9"><span class='ocrx_word' id='word_1_153' title='bbox 305 1240 459 1274; x_wconf 88' lang='lat' dir='ltr'>fontibus</span> <span class='ocrx_word' id='word_1_154' title='bbox 483 1242 519 1273; x_wconf 89' lang='lat' dir='ltr'>et</span> <span class='ocrx_word' id='word_1_155' title='bbox 543 1240 643 1283; x_wconf 80' lang='lat' dir='ltr'>aquis</span> <span class='ocrx_word' id='word_1_156' title='bbox 669 1237 829 1272; x_wconf 87' lang='lat' dir='ltr'>omnibus</span> <span class='ocrx_word' id='word_1_157' title='bbox 853 1237 1015 1279; x_wconf 87' lang='lat' dir='ltr'>praeest,</span> <span class='ocrx_word' id='word_1_158' title='bbox 1037 1236 1078 1268; x_wconf 90' lang='lat' dir='ltr'>ut</span> <span class='ocrx_word' id='word_1_159' title='bbox 1102 1234 1177 1277; x_wconf 88' lang='lat' dir='ltr'>ipse</span> <span class='ocrx_word' id='word_1_160' title='bbox 1201 1234 1303 1268; x_wconf 87' lang='lat' dir='ltr'>docet</span> <span class='ocrx_word' id='word_1_161' title='bbox 1329 1233 1469 1276; x_wconf 67' lang='lat' dir='ltr'>(Geory.</span> <span class='ocrx_word' id='word_1_162' title='bbox 1494 1232 1544 1265; x_wconf 93' lang='lat' dir='ltr'>IV</span> <span class='ocrx_word' id='word_1_163' title='bbox 1571 1233 1629 1276; x_wconf 79' lang='lat'>29)</span> <span class='ocrx_word' id='word_1_164' title='bbox 1655 1235 1731 1266; x_wconf 89' lang='lat' dir='ltr'>aut</span> <span class='ocrx_word' id='word_1_165' title='bbox 1762 1244 1841 1276; x_wconf 85' lang='lat' dir='ltr'>pra</span> <span class='ocrx_word' id='word_1_166' title='bbox 1856 1243 1992 1277; x_wconf 89' lang='lat' dir='ltr'>eceps</span> <span class='ocrx_word' id='word_1_167' title='bbox 2026 1232 2241 1277; x_wconf 87' lang='lat' dir='ltr'>Neptuno</span> 
     </span>
     <span class='ocr_line' id='line_1_15' title="bbox 306 1288 2241 1338; baseline -0.004 -8"><span class='ocrx_word' id='word_1_168' title='bbox 306 1296 581 1331; x_wconf 84' lang='lat' dir='ltr'>inmerserit</span> <span class='ocrx_word' id='word_1_169' title='bbox 604 1295 801 1338; x_wconf 56' lang='lat' dir='ltr'>&lt;inmerseri</span> <span class='ocrx_word' id='word_1_170' title='bbox 827 1293 916 1333; x_wconf 78' lang='lat' dir='ltr'>cod.)</span> <span class='ocrx_word' id='word_1_171' title='bbox 942 1302 1074 1326; x_wconf 88' lang='lat' dir='ltr'>eurus</span> <span class='ocrx_word' id='word_1_172' title='bbox 1103 1291 1222 1333; x_wconf 85' lang='lat' dir='ltr'>(aurus</span> <span class='ocrx_word' id='word_1_173' title='bbox 1247 1289 1354 1333; x_wconf 74' lang='lat' dir='ltr'>cod),</span> <span class='ocrx_word' id='word_1_174' title='bbox 1385 1289 1446 1323; x_wconf 86' lang='lat' dir='ltr'>sed</span> <span class='ocrx_word' id='word_1_175' title='bbox 1471 1289 1596 1323; x_wconf 89' lang='lat' dir='ltr'>melius</span> <span class='ocrx_word' id='word_1_176' title='bbox 1622 1289 1779 1334; x_wconf 86' lang='lat' dir='ltr'>‘equum‘</span> <span class='ocrx_word' id='word_1_177' title='bbox 1806 1292 1951 1334; x_wconf 85' lang='lat' dir='ltr'>propter</span> <span class='ocrx_word' id='word_1_178' title='bbox 1976 1291 2135 1324; x_wconf 87' lang='lat' dir='ltr'>armenta</span> <span class='ocrx_word' id='word_1_179' title='bbox 2158 1288 2241 1323; x_wconf 78' lang='lat' dir='ltr'>add.</span> 
     </span>
     <span class='ocr_line' id='line_1_16' title="bbox 305 1346 2242 1397; baseline -0.004 -9"><span class='ocrx_word' id='word_1_180' title='bbox 305 1354 349 1388; x_wconf 91' lang='lat' dir='ltr'>L.</span> <span class='ocrx_word' id='word_1_181' title='bbox 391 1354 509 1387; x_wconf 76' lang='lat' dir='ltr'>eadem</span> <span class='ocrx_word' id='word_1_182' title='bbox 540 1354 705 1397; x_wconf 28' lang='lat' dir='ltr'>leqqmztur</span> <span class='ocrx_word' id='word_1_183' title='bbox 737 1353 785 1386; x_wconf 80' lang='lat' dir='ltr'>ad</span> <span class='ocrx_word' id='word_1_184' title='bbox 818 1361 907 1385; x_wconf 72' lang='lat' dir='ltr'>vers.</span> <span class='ocrx_word' id='word_1_185' title='bbox 934 1350 976 1383; x_wconf 86' lang='lat'>14</span> <span class='ocrx_word' id='word_1_186' title='bbox 1012 1352 1094 1392; x_wconf 67' lang='lat' dir='ltr'>post</span> <span class='ocrx_word' id='word_1_187' title='bbox 1129 1347 1234 1381; x_wconf 77' lang='lat' dir='ltr'>verba</span> <span class='ocrx_word' id='word_1_188' title='bbox 1259 1357 1350 1390; x_wconf 68' lang='lat' dir='ltr'>qmae</span> <span class='ocrx_word' id='word_1_189' title='bbox 1374 1351 1460 1380; x_wconf 71' lang='lat' dir='ltr'>sunt</span> <span class='ocrx_word' id='word_1_190' title='bbox 1480 1346 1517 1380; x_wconf 90' lang='lat' dir='ltr'>in</span> <span class='ocrx_word' id='word_1_191' title='bbox 1541 1346 1681 1391; x_wconf 77' lang='lat' dir='ltr'>Aegaeo</span> <span class='ocrx_word' id='word_1_192' title='bbox 1709 1347 1797 1380; x_wconf 87' lang='lat' dir='ltr'>mari</span> <span class='ocrx_word' id='word_1_193' title='bbox 1814 1346 1876 1380; x_wconf 73' lang='lat' dir='ltr'>his</span> <span class='ocrx_word' id='word_1_194' title='bbox 1893 1347 2050 1381; x_wconf 72' lang='lat' dir='ltr'>additis:</span> <span class='ocrx_word' id='word_1_195' title='bbox 2085 1348 2123 1380; x_wconf 91' lang='lat' dir='ltr'>in</span> <span class='ocrx_word' id='word_1_196' title='bbox 2150 1357 2242 1380; x_wconf 88' lang='lat' dir='ltr'>corn.</span> 
     </span>
    </p>
   </div>
   <div class='ocr_carea' id='block_1_3' title="bbox 570 1151 692 1155">
    <p class='ocr_par' dir='ltr' id='par_1_3' title="bbox 570 1151 692 1155">
     <span class='ocr_line' id='line_1_17' title="bbox 570 1151 692 1155; baseline 0 0"><span class='ocrx_word' id='word_1_197' title='bbox 570 1151 692 1155; x_wconf 95' lang='lat' dir='ltr'> </span> 
     </span>
    </p>
   </div>
   <div class='ocr_carea' id='block_1_4' title="bbox 304 1403 2248 2711">
    <p class='ocr_par' dir='ltr' id='par_1_4' title="bbox 304 1403 2248 2711">
     <span class='ocr_line' id='line_1_18' title="bbox 306 1403 2242 1464; baseline -0.004 -10"><span class='ocrx_word' id='word_1_198' title='bbox 306 1431 423 1464; x_wconf 80' lang='lat' dir='ltr'>equm,</span> <span class='ocrx_word' id='word_1_199' title='bbox 459 1421 493 1453; x_wconf 92' lang='lat' dir='ltr'>in</span> <span class='ocrx_word' id='word_1_200' title='bbox 526 1420 725 1453; x_wconf 81' lang='lat' dir='ltr'>euthentico</span> <span class='ocrx_word' id='word_1_201' title='bbox 761 1428 905 1462; x_wconf 86' lang='lat' dir='ltr'>aquam,</span> <span class='ocrx_word' id='word_1_202' title='bbox 942 1415 1053 1459; x_wconf 89' lang='lat' dir='ltr'>ipsius</span> <span class='ocrx_word' id='word_1_203' title='bbox 1083 1424 1190 1447; x_wconf 81' lang='lat' dir='ltr'>manu</span> <span class='ocrx_word' id='word_1_204' title='bbox 1227 1423 1338 1456; x_wconf 85' lang='lat' dir='ltr'>equm.</span> <span class='ocrx_word' id='word_1_205' title='bbox 1412 1414 1468 1456; x_wconf 83' lang='grc'>93)</span> <span class='ocrx_word' id='word_1_206' title='bbox 1496 1413 1570 1447; x_wconf 83' lang='grc'>01113</span> <span class='ocrx_word' id='word_1_207' title='bbox 1595 1413 1630 1446; x_wconf 91' lang='lat' dir='ltr'><em>L</em></span> <span class='ocrx_word' id='word_1_208' title='bbox 1700 1413 1758 1453; x_wconf 89' lang='grc'>94)</span> <span class='ocrx_word' id='word_1_209' title='bbox 1783 1403 1924 1449; x_wconf 63' lang='grc'>1131111110</span> <span class='ocrx_word' id='word_1_210' title='bbox 1950 1414 1985 1447; x_wconf 89' lang='grc' dir='ltr'><strong><em>Β</em></strong></span> <span class='ocrx_word' id='word_1_211' title='bbox 2066 1414 2123 1457; x_wconf 82' lang='grc'>95)</span> <span class='ocrx_word' id='word_1_212' title='bbox 2151 1413 2242 1448; x_wconf 82' lang='grc'>(1100-</span> 
     </span>
     <span class='ocr_line' id='line_1_19' title="bbox 304 1469 2240 1520; baseline -0.004 -9"><span class='ocrx_word' id='word_1_213' title='bbox 304 1480 400 1511; x_wconf 85' lang='lat' dir='ltr'>retur</span> <span class='ocrx_word' id='word_1_214' title='bbox 425 1478 458 1510; x_wconf 89' lang='lat' dir='ltr'><em>B</em></span> <span class='ocrx_word' id='word_1_215' title='bbox 529 1478 586 1517; x_wconf 86' lang='grc'>96)</span> <span class='ocrx_word' id='word_1_216' title='bbox 615 1476 803 1520; x_wconf 83' lang='lat' dir='ltr'>optulisset</span> <span class='ocrx_word' id='word_1_217' title='bbox 836 1474 869 1507; x_wconf 93' lang='lat' dir='ltr'><strong><em>V</em></strong></span> <span class='ocrx_word' id='word_1_218' title='bbox 935 1473 992 1515; x_wconf 81' lang='grc'>97)</span> <span class='ocrx_word' id='word_1_219' title='bbox 1023 1473 1101 1504; x_wconf 84' lang='lat' dir='ltr'>asta</span> <span class='ocrx_word' id='word_1_220' title='bbox 1133 1470 1166 1503; x_wconf 90' lang='lat' dir='ltr'><strong><em>V</em></strong></span> <span class='ocrx_word' id='word_1_221' title='bbox 1234 1470 1290 1513; x_wconf 83' lang='grc'>98)</span> <span class='ocrx_word' id='word_1_222' title='bbox 1317 1469 1531 1514; x_wconf 78' lang='lat' dir='ltr'>conprobata</span> <span class='ocrx_word' id='word_1_223' title='bbox 1558 1470 1593 1503; x_wconf 94' lang='lat' dir='ltr'><strong><em>P</em></strong></span> <span class='ocrx_word' id='word_1_224' title='bbox 1671 1471 1728 1512; x_wconf 86' lang='grc'>99)</span> <span class='ocrx_word' id='word_1_225' title='bbox 1755 1471 1789 1503; x_wconf 89' lang='lat' dir='ltr'>et</span> <span class='ocrx_word' id='word_1_226' title='bbox 1812 1470 1910 1513; x_wconf 82' lang='lat' dir='ltr'>pacis</span> <span class='ocrx_word' id='word_1_227' title='bbox 1935 1470 2076 1515; x_wconf 83' lang='lat' dir='ltr'>insigne</span> <span class='ocrx_word' id='word_1_228' title='bbox 2102 1481 2167 1504; x_wconf 87' lang='lat' dir='ltr'>om.</span> <span class='ocrx_word' id='word_1_229' title='bbox 2194 1470 2240 1504; x_wconf 89' lang='lat' dir='ltr'>L.</span> 
     </span>
     <span class='ocr_line' id='line_1_20' title="bbox 306 1526 2242 1578; baseline -0.004 -10"><span class='ocrx_word' id='word_1_230' title='bbox 306 1536 386 1577; x_wconf 84' lang='lat'>100)</span> <span class='ocrx_word' id='word_1_231' title='bbox 410 1534 541 1578; x_wconf 83' lang='lat' dir='ltr'>alioqui</span> <span class='ocrx_word' id='word_1_232' title='bbox 566 1535 600 1567; x_wconf 87' lang='lat' dir='ltr'><em>B</em></span> <span class='ocrx_word' id='word_1_233' title='bbox 673 1534 704 1577; x_wconf 88' lang='lat'>1)</span> <span class='ocrx_word' id='word_1_234' title='bbox 730 1533 894 1567; x_wconf 86' lang='lat' dir='ltr'>invocent</span> <span class='ocrx_word' id='word_1_235' title='bbox 925 1531 958 1564; x_wconf 92' lang='lat' dir='ltr'><strong><em>V</em></strong></span> <span class='ocrx_word' id='word_1_236' title='bbox 1024 1531 1058 1563; x_wconf 78' lang='grc'>2)</span> <span class='ocrx_word' id='word_1_237' title='bbox 1089 1527 1277 1572; x_wconf 78' lang='lat' dir='ltr'>Scyphium</span> <span class='ocrx_word' id='word_1_238' title='bbox 1309 1527 1438 1569; x_wconf 61' lang='lat' dir='ltr'>scripsi</span> <span class='ocrx_word' id='word_1_239' title='bbox 1472 1526 1531 1570; x_wconf 77' lang='lat' dir='ltr'>(cf.</span> <span class='ocrx_word' id='word_1_240' title='bbox 1558 1527 1670 1561; x_wconf 71' lang='lat' dir='ltr'>Prell.</span> <span class='ocrx_word' id='word_1_241' title='bbox 1701 1527 1830 1571; x_wconf 63' lang='lat' dir='ltr'>qriech.</span> <span class='ocrx_word' id='word_1_242' title='bbox 1856 1528 2007 1572; x_wconf 74' lang='lat' dir='ltr'>Mythol.</span> <span class='ocrx_word' id='word_1_243' title='bbox 2038 1528 2057 1561; x_wconf 94' lang='lat' dir='ltr'>I</span> <span class='ocrx_word' id='word_1_244' title='bbox 2080 1539 2114 1571; x_wconf 90' lang='lat' dir='ltr'>p.</span> <span class='ocrx_word' id='word_1_245' title='bbox 2141 1528 2242 1571; x_wconf 82' lang='lat'>461):</span> 
     </span>
     <span class='ocr_line' id='line_1_21' title="bbox 307 1583 2242 1634; baseline -0.003 -11"><span class='ocrx_word' id='word_1_246' title='bbox 307 1591 468 1625; x_wconf 84' lang='lat' dir='ltr'>scithium</span> <span class='ocrx_word' id='word_1_247' title='bbox 495 1591 618 1629; x_wconf 86' lang='lat' dir='ltr'>PVL,</span> <span class='ocrx_word' id='word_1_248' title='bbox 648 1590 821 1634; x_wconf 73' lang='lat' dir='ltr'>scythium</span> <span class='ocrx_word' id='word_1_249' title='bbox 847 1589 892 1622; x_wconf 87' lang='lat' dir='ltr'>B.</span> <span class='ocrx_word' id='word_1_250' title='bbox 931 1587 993 1620; x_wconf 86' lang='lat' dir='ltr'>alii</span> <span class='ocrx_word' id='word_1_251' title='bbox 1018 1586 1150 1619; x_wconf 83' lang='lat' dir='ltr'>ebitum</span> <span class='ocrx_word' id='word_1_252' title='bbox 1176 1584 1260 1617; x_wconf 75' lang='lat' dir='ltr'>add.</span> <span class='ocrx_word' id='word_1_253' title='bbox 1281 1584 1315 1617; x_wconf 89' lang='lat' dir='ltr'><em>L</em></span> <span class='ocrx_word' id='word_1_254' title='bbox 1386 1584 1420 1627; x_wconf 80' lang='lat'>3)</span> <span class='ocrx_word' id='word_1_255' title='bbox 1449 1583 1644 1617; x_wconf 82' lang='lat' dir='ltr'>schironem</span> <span class='ocrx_word' id='word_1_256' title='bbox 1678 1584 1758 1623; x_wconf 88' lang='lat' dir='ltr'>VL,</span> <span class='ocrx_word' id='word_1_257' title='bbox 1785 1595 1966 1629; x_wconf 78' lang='lat' dir='ltr'>Scyronem</span> <span class='ocrx_word' id='word_1_258' title='bbox 1990 1585 2037 1618; x_wconf 89' lang='lat' dir='ltr'>B.</span> <span class='ocrx_word' id='word_1_259' title='bbox 2088 1585 2151 1619; x_wconf 91' lang='lat' dir='ltr'>alii</span> <span class='ocrx_word' id='word_1_260' title='bbox 2176 1585 2242 1618; x_wconf 89' lang='lat' dir='ltr'>sci-</span> 
     </span>
     <span class='ocr_line' id='line_1_22' title="bbox 308 1638 2244 1691; baseline -0.004 -8"><span class='ocrx_word' id='word_1_261' title='bbox 308 1660 425 1683; x_wconf 87' lang='lat' dir='ltr'>ronem</span> <span class='ocrx_word' id='word_1_262' title='bbox 453 1660 518 1683; x_wconf 80' lang='lat' dir='ltr'>om.</span> <span class='ocrx_word' id='word_1_263' title='bbox 544 1649 578 1682; x_wconf 90' lang='lat' dir='ltr'><em>P</em></span> <span class='ocrx_word' id='word_1_264' title='bbox 669 1648 704 1691; x_wconf 80' lang='lat'>4)</span> <span class='ocrx_word' id='word_1_265' title='bbox 728 1647 790 1680; x_wconf 82' lang='lat' dir='ltr'>alii</span> <span class='ocrx_word' id='word_1_266' title='bbox 815 1638 995 1689; x_wconf 85' lang='lat' dir='ltr'>Arionem]</span> <span class='ocrx_word' id='word_1_267' title='bbox 1024 1643 1175 1677; x_wconf 77' lang='lat' dir='ltr'>alionem</span> <span class='ocrx_word' id='word_1_268' title='bbox 1201 1642 1236 1675; x_wconf 77' lang='lat' dir='ltr'><em>B</em></span> <span class='ocrx_word' id='word_1_269' title='bbox 1334 1642 1368 1684; x_wconf 79' lang='lat'>5)</span> <span class='ocrx_word' id='word_1_270' title='bbox 1396 1641 1524 1675; x_wconf 84' lang='grc'>111011110</span> <span class='ocrx_word' id='word_1_271' title='bbox 1556 1641 1589 1674; x_wconf 88' lang='lat' dir='ltr'><strong><em>V</em></strong></span> <span class='ocrx_word' id='word_1_272' title='bbox 1681 1643 1714 1675; x_wconf 84' lang='grc'>6)</span> <span class='ocrx_word' id='word_1_273' title='bbox 1743 1652 1825 1675; x_wconf 86' lang='lat' dir='ltr'>sane</span> <span class='ocrx_word' id='word_1_274' title='bbox 1853 1642 1946 1676; x_wconf 87' lang='lat' dir='ltr'>hunc</span> <span class='ocrx_word' id='word_1_275' title='bbox 1973 1654 2101 1686; x_wconf 88' lang='lat' dir='ltr'>equum</span> <span class='ocrx_word' id='word_1_276' title='bbox 2127 1643 2244 1687; x_wconf 87' lang='lat' dir='ltr'>(equm</span> 
     </span>
     <span class='ocr_line' id='line_1_23' title="bbox 308 1697 2243 1749; baseline -0.004 -9"><span class='ocrx_word' id='word_1_277' title='bbox 308 1705 396 1749; x_wconf 80' lang='lat' dir='ltr'>cod.)</span> <span class='ocrx_word' id='word_1_278' title='bbox 425 1707 669 1749; x_wconf 86' lang='lat' dir='ltr'>cuiuscumque</span> <span class='ocrx_word' id='word_1_279' title='bbox 694 1704 845 1738; x_wconf 88' lang='lat' dir='ltr'>nominis</span> <span class='ocrx_word' id='word_1_280' title='bbox 871 1702 932 1736; x_wconf 85' lang='lat' dir='ltr'>alii</span> <span class='ocrx_word' id='word_1_281' title='bbox 959 1700 1052 1744; x_wconf 84' lang='lat' dir='ltr'>apud</span> <span class='ocrx_word' id='word_1_282' title='bbox 1077 1699 1283 1737; x_wconf 77' lang='lat' dir='ltr'>Arcadiam,</span> <span class='ocrx_word' id='word_1_283' title='bbox 1320 1699 1381 1732; x_wconf 84' lang='lat' dir='ltr'>alii</span> <span class='ocrx_word' id='word_1_284' title='bbox 1405 1698 1441 1731; x_wconf 89' lang='lat' dir='ltr'>in</span> <span class='ocrx_word' id='word_1_285' title='bbox 1469 1697 1652 1732; x_wconf 82' lang='lat' dir='ltr'>Thessalia</span> <span class='ocrx_word' id='word_1_286' title='bbox 1677 1697 1809 1732; x_wconf 86' lang='lat' dir='ltr'>editum</span> <span class='ocrx_word' id='word_1_287' title='bbox 1836 1699 1975 1739; x_wconf 84' lang='lat' dir='ltr'>dicunt,</span> <span class='ocrx_word' id='word_1_288' title='bbox 2000 1700 2037 1733; x_wconf 90' lang='lat' dir='ltr'>in</span> <span class='ocrx_word' id='word_1_289' title='bbox 2065 1710 2133 1744; x_wconf 84' lang='lat' dir='ltr'>qua</span> <span class='ocrx_word' id='word_1_290' title='bbox 2163 1700 2243 1744; x_wconf 90' lang='lat' dir='ltr'>(quo</span> 
     </span>
     <span class='ocr_line' id='line_1_24' title="bbox 310 1755 2244 1806; baseline -0.003 -10"><span class='ocrx_word' id='word_1_291' title='bbox 310 1763 398 1806; x_wconf 78' lang='lat' dir='ltr'>cod.)</span> <span class='ocrx_word' id='word_1_292' title='bbox 441 1763 542 1796; x_wconf 84' lang='lat' dir='ltr'>etiam</span> <span class='ocrx_word' id='word_1_293' title='bbox 582 1764 735 1797; x_wconf 85' lang='lat' dir='ltr'>montem</span> <span class='ocrx_word' id='word_1_294' title='bbox 768 1760 981 1794; x_wconf 81' lang='lat' dir='ltr'>altissimum</span> <span class='ocrx_word' id='word_1_295' title='bbox 1009 1755 1219 1791; x_wconf 78' lang='lat' dir='ltr'>ostendunt.</span> <span class='ocrx_word' id='word_1_296' title='bbox 1257 1756 1316 1789; x_wconf 86' lang='lat' dir='ltr'>ubi</span> <span class='ocrx_word' id='word_1_297' title='bbox 1348 1756 1500 1799; x_wconf 87' lang='lat' dir='ltr'>primum</span> <span class='ocrx_word' id='word_1_298' title='bbox 1536 1766 1644 1798; x_wconf 84' lang='lat' dir='ltr'>equus</span> <span class='ocrx_word' id='word_1_299' title='bbox 1672 1755 1767 1788; x_wconf 88' lang='lat' dir='ltr'>visus</span> <span class='ocrx_word' id='word_1_300' title='bbox 1795 1756 1859 1795; x_wconf 87' lang='lat' dir='ltr'>sit,</span> <span class='ocrx_word' id='word_1_301' title='bbox 1901 1755 1938 1789; x_wconf 91' lang='lat' dir='ltr'>in</span> <span class='ocrx_word' id='word_1_302' title='bbox 1963 1758 2104 1790; x_wconf 86' lang='lat' dir='ltr'>tantum</span> <span class='ocrx_word' id='word_1_303' title='bbox 2127 1759 2169 1791; x_wconf 88' lang='lat' dir='ltr'>ut</span> <span class='ocrx_word' id='word_1_304' title='bbox 2201 1756 2244 1791; x_wconf 90' lang='lat' dir='ltr'>ob</span> 
     </span>
     <span class='ocr_line' id='line_1_25' title="bbox 309 1812 2243 1860; baseline -0.002 -8"><span class='ocrx_word' id='word_1_305' title='bbox 309 1819 398 1853; x_wconf 85' lang='lat' dir='ltr'>hanc</span> <span class='ocrx_word' id='word_1_306' title='bbox 423 1830 580 1853; x_wconf 78' lang='lat' dir='ltr'>caussam</span> <span class='ocrx_word' id='word_1_307' title='bbox 607 1830 627 1853; x_wconf 85' lang='lat' dir='ltr'>a</span> <span class='ocrx_word' id='word_1_308' title='bbox 652 1817 831 1852; x_wconf 82' lang='lat' dir='ltr'>Thessalis</span> <span class='ocrx_word' id='word_1_309' title='bbox 856 1817 1021 1860; x_wconf 86' lang='lat' dir='ltr'>Neptuno</span> <span class='ocrx_word' id='word_1_310' title='bbox 1049 1816 1209 1858; x_wconf 84' lang='lat' dir='ltr'>equestre</span> <span class='ocrx_word' id='word_1_311' title='bbox 1235 1816 1411 1847; x_wconf 79' lang='lat' dir='ltr'>certamen</span> <span class='ocrx_word' id='word_1_312' title='bbox 1438 1814 1633 1847; x_wconf 87' lang='lat' dir='ltr'>memorent</span> <span class='ocrx_word' id='word_1_313' title='bbox 1656 1812 1879 1854; x_wconf 81' lang='lat' dir='ltr'>institutum3</span> <span class='ocrx_word' id='word_1_314' title='bbox 1905 1813 1997 1847; x_wconf 86' lang='lat' dir='ltr'>unde</span> <span class='ocrx_word' id='word_1_315' title='bbox 2024 1814 2117 1858; x_wconf 85' lang='lat' dir='ltr'>apud</span> <span class='ocrx_word' id='word_1_316' title='bbox 2135 1813 2243 1848; x_wconf 85' lang='lat' dir='ltr'>Grae-</span> 
     </span>
     <span class='ocr_line' id='line_1_26' title="bbox 311 1869 2244 1918; baseline -0.002 -9"><span class='ocrx_word' id='word_1_317' title='bbox 311 1887 367 1909; x_wconf 83' lang='lat' dir='ltr'>cos</span> <span class='ocrx_word' id='word_1_318' title='bbox 395 1879 519 1913; x_wconf 66' lang='lat'>7&#39;7771105·</span> <span class='ocrx_word' id='word_1_319' title='bbox 546 1878 733 1909; x_wconf 62' lang='grc' dir='ltr'>Ποσειδῶν</span> <span class='ocrx_word' id='word_1_320' title='bbox 769 1875 897 1918; x_wconf 82' lang='lat' dir='ltr'>(ippios</span> <span class='ocrx_word' id='word_1_321' title='bbox 921 1871 1067 1917; x_wconf 85' lang='lat' dir='ltr'>posidon</span> <span class='ocrx_word' id='word_1_322' title='bbox 1096 1870 1205 1913; x_wconf 66' lang='lat' dir='ltr'>cod).</span> <span class='ocrx_word' id='word_1_323' title='bbox 1248 1882 1268 1904; x_wconf 78' lang='lat' dir='ltr'>a</span> <span class='ocrx_word' id='word_1_324' title='bbox 1290 1871 1392 1905; x_wconf 86' lang='lat' dir='ltr'>nobis</span> <span class='ocrx_word' id='word_1_325' title='bbox 1429 1872 1591 1915; x_wconf 84' lang='lat' dir='ltr'>equester</span> <span class='ocrx_word' id='word_1_326' title='bbox 1624 1869 1819 1913; x_wconf 85' lang='lat' dir='ltr'>Neptunus.</span> <span class='ocrx_word' id='word_1_327' title='bbox 1877 1869 1938 1902; x_wconf 87' lang='lat' dir='ltr'>alii</span> <span class='ocrx_word' id='word_1_328' title='bbox 1971 1870 2061 1904; x_wconf 87' lang='lat' dir='ltr'>hanc</span> <span class='ocrx_word' id='word_1_329' title='bbox 2097 1871 2244 1906; x_wconf 82' lang='lat' dir='ltr'>eandem</span> 
     </span>
     <span class='ocr_line' id='line_1_27' title="bbox 313 1926 2244 1977; baseline -0.002 -11"><span class='ocrx_word' id='word_1_330' title='bbox 313 1933 353 1967; x_wconf 82' lang='lat' dir='ltr'>de</span> <span class='ocrx_word' id='word_1_331' title='bbox 378 1945 464 1977; x_wconf 87' lang='lat' dir='ltr'>equo</span> <span class='ocrx_word' id='word_1_332' title='bbox 493 1933 691 1977; x_wconf 85' lang='lat' dir='ltr'>opinionem</span> <span class='ocrx_word' id='word_1_333' title='bbox 717 1933 811 1966; x_wconf 84' lang='lat' dir='ltr'>varie</span> <span class='ocrx_word' id='word_1_334' title='bbox 837 1931 1022 1970; x_wconf 78' lang='lat' dir='ltr'>adserunt3</span> <span class='ocrx_word' id='word_1_335' title='bbox 1057 1939 1139 1962; x_wconf 84' lang='lat' dir='ltr'>nam</span> <span class='ocrx_word' id='word_1_336' title='bbox 1165 1929 1314 1972; x_wconf 86' lang='lat' dir='ltr'>primum</span> <span class='ocrx_word' id='word_1_337' title='bbox 1343 1939 1470 1972; x_wconf 85' lang='lat' dir='ltr'>equum</span> <span class='ocrx_word' id='word_1_338' title='bbox 1495 1928 1611 1971; x_wconf 87' lang='lat' dir='ltr'>(equm</span> <span class='ocrx_word' id='word_1_339' title='bbox 1628 1926 1718 1971; x_wconf 75' lang='lat' dir='ltr'>cod.)</span> <span class='ocrx_word' id='word_1_340' title='bbox 1750 1929 1786 1960; x_wconf 89' lang='lat' dir='ltr'>et</span> <span class='ocrx_word' id='word_1_341' title='bbox 1811 1937 1889 1960; x_wconf 85' lang='lat' dir='ltr'>mox</span> <span class='ocrx_word' id='word_1_342' title='bbox 1915 1927 2051 1970; x_wconf 88' lang='lat' dir='ltr'>pullum</span> <span class='ocrx_word' id='word_1_343' title='bbox 2078 1929 2244 1972; x_wconf 87' lang='lat' dir='ltr'>equinum</span> 
     </span>
     <span class='ocr_line' id='line_1_28' title="bbox 314 1983 2243 2033; baseline -0.001 -11"><span class='ocrx_word' id='word_1_344' title='bbox 314 1992 423 2023; x_wconf 83' lang='lat' dir='ltr'>matre</span> <span class='ocrx_word' id='word_1_345' title='bbox 448 1990 578 2023; x_wconf 79' lang='lat' dir='ltr'>editum</span> <span class='ocrx_word' id='word_1_346' title='bbox 595 1990 758 2024; x_wconf 85' lang='lat' dir='ltr'>tradunt:</span> <span class='ocrx_word' id='word_1_347' title='bbox 786 1988 926 2033; x_wconf 80' lang='lat' dir='ltr'>quidam</span> <span class='ocrx_word' id='word_1_348' title='bbox 956 1997 1084 2020; x_wconf 76' lang='lat' dir='ltr'>marem</span> <span class='ocrx_word' id='word_1_349' title='bbox 1112 1985 1225 2029; x_wconf 78' lang='lat' dir='ltr'>magis</span> <span class='ocrx_word' id='word_1_350' title='bbox 1251 1985 1387 2029; x_wconf 88' lang='lat' dir='ltr'>pullum</span> <span class='ocrx_word' id='word_1_351' title='bbox 1405 1983 1507 2017; x_wconf 89' lang='lat' dir='ltr'>initio</span> <span class='ocrx_word' id='word_1_352' title='bbox 1534 1983 1825 2025; x_wconf 55' lang='lat' dir='ltr'>editumvolunt.</span> <span class='ocrx_word' id='word_1_353' title='bbox 1871 1994 1940 2017; x_wconf 90' lang='lat' dir='ltr'>non</span> <span class='ocrx_word' id='word_1_354' title='bbox 1967 1985 2056 2018; x_wconf 90' lang='lat' dir='ltr'>nulli</span> <span class='ocrx_word' id='word_1_355' title='bbox 2080 1985 2243 2025; x_wconf 84' lang='lat' dir='ltr'>Saturno,</span> 
     </span>
     <span class='ocr_line' id='line_1_29' title="bbox 320 2040 2243 2088; baseline -0.002 -9"><span class='ocrx_word' id='word_1_356' title='bbox 320 2056 395 2079; x_wconf 85' lang='lat' dir='ltr'>cum</span> <span class='ocrx_word' id='word_1_357' title='bbox 434 2057 512 2079; x_wconf 84' lang='lat' dir='ltr'>snos</span> <span class='ocrx_word' id='word_1_358' title='bbox 549 2046 639 2080; x_wconf 89' lang='lat' dir='ltr'>filios</span> <span class='ocrx_word' id='word_1_359' title='bbox 662 2046 860 2084; x_wconf 83' lang='lat' dir='ltr'>devoraret,</span> <span class='ocrx_word' id='word_1_360' title='bbox 899 2055 962 2088; x_wconf 88' lang='lat' dir='ltr'>pro</span> <span class='ocrx_word' id='word_1_361' title='bbox 993 2043 1159 2086; x_wconf 75' lang='lat' dir='ltr'>Neptuno</span> <span class='ocrx_word' id='word_1_362' title='bbox 1195 2052 1321 2085; x_wconf 83' lang='lat' dir='ltr'>equum</span> <span class='ocrx_word' id='word_1_363' title='bbox 1358 2044 1472 2085; x_wconf 87' lang='lat' dir='ltr'>(equm</span> <span class='ocrx_word' id='word_1_364' title='bbox 1507 2040 1595 2084; x_wconf 80' lang='lat' dir='ltr'>cod.)</span> <span class='ocrx_word' id='word_1_365' title='bbox 1633 2041 1790 2074; x_wconf 83' lang='lat' dir='ltr'>oblatum</span> <span class='ocrx_word' id='word_1_366' title='bbox 1826 2040 2063 2075; x_wconf 81' lang='lat' dir='ltr'>devorandum</span> <span class='ocrx_word' id='word_1_367' title='bbox 2087 2042 2243 2083; x_wconf 83' lang='lat' dir='ltr'>tradunt,</span> 
     </span>
     <span class='ocr_line' id='line_1_30' title="bbox 314 2097 2243 2147; baseline -0.001 -13"><span class='ocrx_word' id='word_1_368' title='bbox 314 2102 405 2135; x_wconf 83' lang='lat' dir='ltr'>unde</span> <span class='ocrx_word' id='word_1_369' title='bbox 440 2103 597 2146; x_wconf 73' lang='lat' dir='ltr'>illyricos</span> <span class='ocrx_word' id='word_1_370' title='bbox 629 2103 815 2147; x_wconf 81' lang='lat' dir='ltr'>quotannis</span> <span class='ocrx_word' id='word_1_371' title='bbox 846 2102 917 2136; x_wconf 73' lang='lat' dir='ltr'>ritu</span> <span class='ocrx_word' id='word_1_372' title='bbox 952 2109 1128 2134; x_wconf 85' lang='lat' dir='ltr'>sacrorum</span> <span class='ocrx_word' id='word_1_373' title='bbox 1154 2099 1256 2139; x_wconf 80' lang='lat' dir='ltr'>(ritus</span> <span class='ocrx_word' id='word_1_374' title='bbox 1280 2109 1444 2142; x_wconf 83' lang='lat' dir='ltr'>agrorum</span> <span class='ocrx_word' id='word_1_375' title='bbox 1470 2097 1557 2141; x_wconf 81' lang='lat' dir='ltr'>cod.)</span> <span class='ocrx_word' id='word_1_376' title='bbox 1596 2109 1722 2141; x_wconf 86' lang='lat' dir='ltr'>equum</span> <span class='ocrx_word' id='word_1_377' title='bbox 1754 2097 1864 2131; x_wconf 89' lang='lat' dir='ltr'>solere</span> <span class='ocrx_word' id='word_1_378' title='bbox 1895 2098 1995 2141; x_wconf 84' lang='lat' dir='ltr'>aquis</span> <span class='ocrx_word' id='word_1_379' title='bbox 2030 2098 2243 2144; x_wconf 84' lang='lat' dir='ltr'>inmergere:</span> 
     </span>
     <span class='ocr_line' id='line_1_31' title="bbox 313 2154 2244 2203; baseline -0.001 -11"><span class='ocrx_word' id='word_1_380' title='bbox 313 2159 377 2193; x_wconf 88' lang='lat' dir='ltr'>hoc</span> <span class='ocrx_word' id='word_1_381' title='bbox 403 2162 517 2193; x_wconf 81' lang='lat' dir='ltr'>autem</span> <span class='ocrx_word' id='word_1_382' title='bbox 543 2159 620 2193; x_wconf 85' lang='lat' dir='ltr'>ideo</span> <span class='ocrx_word' id='word_1_383' title='bbox 646 2160 735 2203; x_wconf 78' lang='lat' dir='ltr'>quod</span> <span class='ocrx_word' id='word_1_384' title='bbox 762 2160 933 2193; x_wconf 78' lang='lat' dir='ltr'>Saturnus</span> <span class='ocrx_word' id='word_1_385' title='bbox 966 2157 1123 2191; x_wconf 88' lang='lat' dir='ltr'>humoris</span> <span class='ocrx_word' id='word_1_386' title='bbox 1153 2155 1266 2188; x_wconf 73' lang='lat' dir='ltr'>totius</span> <span class='ocrx_word' id='word_1_387' title='bbox 1292 2157 1327 2189; x_wconf 88' lang='lat' dir='ltr'>et</span> <span class='ocrx_word' id='word_1_388' title='bbox 1350 2155 1494 2199; x_wconf 77' lang='lat' dir='ltr'>frigoris</span> <span class='ocrx_word' id='word_1_389' title='bbox 1520 2154 1604 2188; x_wconf 88' lang='lat' dir='ltr'>deus</span> <span class='ocrx_word' id='word_1_390' title='bbox 1639 2155 1696 2188; x_wconf 85' lang='lat' dir='ltr'>sit.</span> <span class='ocrx_word' id='word_1_391' title='bbox 1746 2154 1884 2198; x_wconf 81' lang='lat' dir='ltr'>&#39;prima&#39;</span> <span class='ocrx_word' id='word_1_392' title='bbox 1911 2156 2028 2188; x_wconf 86' lang='lat' dir='ltr'>autem</span> <span class='ocrx_word' id='word_1_393' title='bbox 2054 2155 2159 2190; x_wconf 89' lang='lat' dir='ltr'>multi</span> <span class='ocrx_word' id='word_1_394' title='bbox 2182 2167 2244 2200; x_wconf 88' lang='lat' dir='ltr'>pro</span> 
     </span>
     <span class='ocr_line' id='line_1_32' title="bbox 316 2212 2243 2259; baseline 0.001 -13"><span class='ocrx_word' id='word_1_395' title='bbox 316 2216 397 2249; x_wconf 77' lang='lat' dir='ltr'>olim</span> <span class='ocrx_word' id='word_1_396' title='bbox 426 2216 617 2259; x_wconf 85' lang='lat' dir='ltr'>accipiunt,</span> <span class='ocrx_word' id='word_1_397' title='bbox 646 2218 685 2249; x_wconf 90' lang='lat' dir='ltr'>ut</span> <span class='ocrx_word' id='word_1_398' title='bbox 711 2217 814 2257; x_wconf 67' lang='lat' dir='ltr'>(Aen.</span> <span class='ocrx_word' id='word_1_399' title='bbox 842 2216 858 2249; x_wconf 87' lang='grc'>1</span> <span class='ocrx_word' id='word_1_400' title='bbox 883 2216 942 2253; x_wconf 70' lang='grc'>24)</span> <span class='ocrx_word' id='word_1_401' title='bbox 968 2215 1116 2259; x_wconf 85' lang='lat' dir='ltr'>prima</span> <span class='ocrx_word' id='word_1_402' title='bbox 1146 2213 1261 2257; x_wconf 82' lang='lat' dir='ltr'>quod</span> <span class='ocrx_word' id='word_1_403' title='bbox 1289 2213 1337 2247; x_wconf 83' lang='lat' dir='ltr'>ad</span> <span class='ocrx_word' id='word_1_404' title='bbox 1364 2212 1546 2246; x_wconf 85' lang='lat' dir='ltr'>Troiam</span> <span class='ocrx_word' id='word_1_405' title='bbox 1582 2223 1659 2255; x_wconf 82' lang='lat' dir='ltr'>pro</span> <span class='ocrx_word' id='word_1_406' title='bbox 1693 2212 1819 2245; x_wconf 84' lang='lat' dir='ltr'>caris</span> <span class='ocrx_word' id='word_1_407' title='bbox 1853 2214 2066 2256; x_wconf 80' lang='lat' dir='ltr'>gesserat</span> <span class='ocrx_word' id='word_1_408' title='bbox 2093 2212 2243 2258; x_wconf 84' lang='lat' dir='ltr'>Argis.</span> 
     </span>
     <span class='ocr_line' id='line_1_33' title="bbox 316 2268 2245 2316; baseline -0.001 -10"><span class='ocrx_word' id='word_1_409' title='bbox 316 2273 375 2306; x_wconf 85' lang='lat' dir='ltr'>alii</span> <span class='ocrx_word' id='word_1_410' title='bbox 398 2272 540 2315; x_wconf 80' lang='lat' dir='ltr'>‘prima‘</span> <span class='ocrx_word' id='word_1_411' title='bbox 568 2272 644 2306; x_wconf 87' lang='lat' dir='ltr'>ideo</span> <span class='ocrx_word' id='word_1_412' title='bbox 672 2273 761 2316; x_wconf 87' lang='lat' dir='ltr'>quod</span> <span class='ocrx_word' id='word_1_413' title='bbox 786 2275 866 2316; x_wconf 85' lang='lat' dir='ltr'>post</span> <span class='ocrx_word' id='word_1_414' title='bbox 883 2272 1071 2316; x_wconf 83' lang='lat' dir='ltr'>Scyphium</span> <span class='ocrx_word' id='word_1_415' title='bbox 1099 2270 1286 2314; x_wconf 67' lang='lat' dir='ltr'>(scythium</span> <span class='ocrx_word' id='word_1_416' title='bbox 1311 2269 1400 2313; x_wconf 79' lang='lat' dir='ltr'>cod.)</span> <span class='ocrx_word' id='word_1_417' title='bbox 1427 2270 1590 2303; x_wconf 84' lang='lat' dir='ltr'>Arionem</span> <span class='ocrx_word' id='word_1_418' title='bbox 1615 2269 1756 2313; x_wconf 82' lang='lat' dir='ltr'>genuit,</span> <span class='ocrx_word' id='word_1_419' title='bbox 1796 2279 1866 2301; x_wconf 86' lang='lat' dir='ltr'>non</span> <span class='ocrx_word' id='word_1_420' title='bbox 1898 2268 1986 2302; x_wconf 89' lang='lat' dir='ltr'>nulli</span> <span class='ocrx_word' id='word_1_421' title='bbox 2008 2279 2088 2302; x_wconf 88' lang='lat' dir='ltr'>vero</span> <span class='ocrx_word' id='word_1_422' title='bbox 2113 2268 2154 2303; x_wconf 95' lang='lat' dir='ltr'>ob</span> <span class='ocrx_word' id='word_1_423' title='bbox 2181 2269 2245 2304; x_wconf 84' lang='lat' dir='ltr'>hoc</span> 
     </span>
     <span class='ocr_line' id='line_1_34' title="bbox 315 2324 2248 2373; baseline -0.001 -12"><span class='ocrx_word' id='word_1_424' title='bbox 315 2329 380 2362; x_wconf 65' lang='lat' dir='ltr'>‘vni</span> <span class='ocrx_word' id='word_1_425' title='bbox 400 2330 512 2372; x_wconf 74' lang='lat' dir='ltr'>prima</span> <span class='ocrx_word' id='word_1_426' title='bbox 531 2330 735 2363; x_wconf 73' lang='lat' dir='ltr'>frementem</span> <span class='ocrx_word' id='word_1_427' title='bbox 760 2329 850 2362; x_wconf 78' lang='lat' dir='ltr'>fudit</span> <span class='ocrx_word' id='word_1_428' title='bbox 876 2330 1016 2373; x_wconf 64' lang='lat' dir='ltr'>aquam³</span> <span class='ocrx_word' id='word_1_429' title='bbox 1047 2329 1187 2373; x_wconf 77' lang='lat' dir='ltr'>leg-unt,</span> <span class='ocrx_word' id='word_1_430' title='bbox 1215 2326 1307 2371; x_wconf 81' lang='lat' dir='ltr'>quod</span> <span class='ocrx_word' id='word_1_431' title='bbox 1323 2328 1461 2360; x_wconf 81' lang='lat' dir='ltr'>veteres</span> <span class='ocrx_word' id='word_1_432' title='bbox 1487 2337 1665 2360; x_wconf 83' lang='lat' dir='ltr'>murmura</span> <span class='ocrx_word' id='word_1_433' title='bbox 1691 2336 1802 2369; x_wconf 86' lang='lat' dir='ltr'>aquae</span> <span class='ocrx_word' id='word_1_434' title='bbox 1830 2326 1934 2368; x_wconf 73' lang='lat' dir='ltr'>(corr.</span> <span class='ocrx_word' id='word_1_435' title='bbox 1953 2324 2084 2359; x_wconf 74' lang='lat' dir='ltr'>Petrus</span> <span class='ocrx_word' id='word_1_436' title='bbox 2100 2325 2248 2368; x_wconf 77' lang='lat' dir='ltr'>Daniel,</span> 
     </span>
     <span class='ocr_line' id='line_1_35' title="bbox 318 2381 2245 2429; baseline -0.001 -12"><span class='ocrx_word' id='word_1_437' title='bbox 318 2397 405 2429; x_wconf 78' lang='lat' dir='ltr'>quac</span> <span class='ocrx_word' id='word_1_438' title='bbox 431 2385 523 2427; x_wconf 72' lang='lat' dir='ltr'>cccl.)</span> <span class='ocrx_word' id='word_1_439' title='bbox 560 2387 735 2420; x_wconf 83' lang='lat' dir='ltr'>fremitum</span> <span class='ocrx_word' id='word_1_440' title='bbox 762 2386 933 2420; x_wconf 82' lang='lat' dir='ltr'>dicebant.</span> <span class='ocrx_word' id='word_1_441' title='bbox 992 2386 1127 2419; x_wconf 86' lang='lat' dir='ltr'>Ennius</span> <span class='ocrx_word' id='word_1_442' title='bbox 1153 2386 1260 2427; x_wconf 59' lang='lat' dir='ltr'>(way.</span> <span class='ocrx_word' id='word_1_443' title='bbox 1290 2385 1356 2419; x_wconf 78' lang='grc'>146</span> <span class='ocrx_word' id='word_1_444' title='bbox 1390 2384 1510 2426; x_wconf 78' lang='lat' dir='ltr'>Vahz.)</span> <span class='ocrx_word' id='word_1_445' title='bbox 1537 2394 1642 2428; x_wconf 80' lang='lat' dir='ltr'>ager</span> <span class='ocrx_word' id='word_1_446' title='bbox 1673 2381 1890 2425; x_wconf 86' lang='lat' dir='ltr'>oppletus</span> <span class='ocrx_word' id='word_1_447' title='bbox 1917 2381 2126 2416; x_wconf 87' lang='lat' dir='ltr'>imbrium</span> <span class='ocrx_word' id='word_1_448' title='bbox 2151 2382 2245 2416; x_wconf 87' lang='lat' dir='ltr'>fre-</span> 
     </span>
     <span class='ocr_line' id='line_1_36' title="bbox 318 2438 2246 2486; baseline -0.001 -11"><span class='ocrx_word' id='word_1_449' title='bbox 318 2443 432 2475; x_wconf 83' lang='lat' dir='ltr'>mitu</span> <span class='ocrx_word' id='word_1_450' title='bbox 459 2445 493 2475; x_wconf 74' lang='lat' dir='ltr'>et</span> <span class='ocrx_word' id='word_1_451' title='bbox 519 2442 630 2476; x_wconf 87' lang='lat' dir='ltr'>denno</span> <span class='ocrx_word' id='word_1_452' title='bbox 657 2445 758 2486; x_wconf 66' lang='lat' dir='ltr'>(cmvi.</span> <span class='ocrx_word' id='word_1_453' title='bbox 783 2443 851 2476; x_wconf 80' lang='grc'>489</span> <span class='ocrx_word' id='word_1_454' title='bbox 882 2443 1000 2486; x_wconf 63' lang='grc' dir='ltr'>ῘῘαΙιΖ.)</span> <span class='ocrx_word' id='word_1_455' title='bbox 1027 2441 1303 2485; x_wconf 84' lang='lat' dir='ltr'>ratibusque</span> <span class='ocrx_word' id='word_1_456' title='bbox 1329 2440 1553 2475; x_wconf 87' lang='lat' dir='ltr'>fremebat</span> <span class='ocrx_word' id='word_1_457' title='bbox 1587 2439 1730 2474; x_wconf 87' lang='lat' dir='ltr'>imber</span> <span class='ocrx_word' id='word_1_458' title='bbox 1757 2439 1973 2483; x_wconf 83' lang='lat' dir='ltr'>Neptuni,</span> <span class='ocrx_word' id='word_1_459' title='bbox 2007 2438 2184 2483; x_wconf 86' lang='lat' dir='ltr'>Vergilius</span> <span class='ocrx_word' id='word_1_460' title='bbox 2209 2439 2246 2473; x_wconf 89' lang='lat' dir='ltr'>in</span> 
     </span>
     <span class='ocr_line' id='line_1_37' title="bbox 317 2496 2245 2543; baseline -0.002 -11"><span class='ocrx_word' id='word_1_461' title='bbox 317 2499 366 2532; x_wconf 87' lang='lat' dir='ltr'>XI</span> <span class='ocrx_word' id='word_1_462' title='bbox 396 2500 498 2540; x_wconf 86' lang='lat' dir='ltr'>(nono</span> <span class='ocrx_word' id='word_1_463' title='bbox 519 2499 604 2538; x_wconf 75' lang='lat' dir='ltr'>cod.)</span> <span class='ocrx_word' id='word_1_464' title='bbox 631 2500 903 2543; x_wconf 85' lang='lat' dir='ltr'>vicinaeque</span> <span class='ocrx_word' id='word_1_465' title='bbox 936 2500 1138 2533; x_wconf 86' lang='lat' dir='ltr'>fremunt</span> <span class='ocrx_word' id='word_1_466' title='bbox 1174 2499 1302 2542; x_wconf 88' lang='lat' dir='ltr'>ripae</span> <span class='ocrx_word' id='word_1_467' title='bbox 1328 2498 1686 2542; x_wconf 83' lang='lat' dir='ltr'>crepitantibus</span> <span class='ocrx_word' id='word_1_468' title='bbox 1712 2496 1850 2530; x_wconf 87' lang='lat' dir='ltr'>undis.</span> <span class='ocrx_word' id='word_1_469' title='bbox 1900 2506 1984 2540; x_wconf 85' lang='lat' dir='ltr'>ergo</span> <span class='ocrx_word' id='word_1_470' title='bbox 2009 2496 2154 2539; x_wconf 86' lang='lat' dir='ltr'>‘prima’</span> <span class='ocrx_word' id='word_1_471' title='bbox 2183 2497 2245 2529; x_wconf 84' lang='lat' dir='ltr'>aut</span> 
     </span>
     <span class='ocr_line' id='line_1_38' title="bbox 320 2551 2247 2600; baseline -0.001 -13"><span class='ocrx_word' id='word_1_472' title='bbox 320 2555 494 2598; x_wconf 80' lang='lat' dir='ltr'>proprium</span> <span class='ocrx_word' id='word_1_473' title='bbox 524 2557 760 2599; x_wconf 76' lang='lat' dir='ltr'>(appropi-ium</span> <span class='ocrx_word' id='word_1_474' title='bbox 787 2556 895 2599; x_wconf 70' lang='lat' dir='ltr'>cod),</span> <span class='ocrx_word' id='word_1_475' title='bbox 932 2557 1014 2600; x_wconf 84' lang='lat' dir='ltr'>quia</span> <span class='ocrx_word' id='word_1_476' title='bbox 1039 2558 1075 2590; x_wconf 85' lang='lat' dir='ltr'>et</span> <span class='ocrx_word' id='word_1_477' title='bbox 1098 2556 1235 2600; x_wconf 86' lang='lat' dir='ltr'>Pegaso</span> <span class='ocrx_word' id='word_1_478' title='bbox 1259 2556 1392 2588; x_wconf 80' lang='lat' dir='ltr'>fontem</span> <span class='ocrx_word' id='word_1_479' title='bbox 1419 2556 1456 2588; x_wconf 91' lang='lat' dir='ltr'>in</span> <span class='ocrx_word' id='word_1_480' title='bbox 1481 2555 1628 2589; x_wconf 82' lang='lat' dir='ltr'>Boeotia</span> <span class='ocrx_word' id='word_1_481' title='bbox 1655 2553 1785 2596; x_wconf 79' lang='lat' dir='ltr'>(boetia</span> <span class='ocrx_word' id='word_1_482' title='bbox 1809 2552 1897 2597; x_wconf 81' lang='lat' dir='ltr'>eod)</span> <span class='ocrx_word' id='word_1_483' title='bbox 1919 2553 1990 2586; x_wconf 85' lang='lat' dir='ltr'>icta</span> <span class='ocrx_word' id='word_1_484' title='bbox 2015 2553 2088 2586; x_wconf 90' lang='lat' dir='ltr'>eius</span> <span class='ocrx_word' id='word_1_485' title='bbox 2113 2551 2247 2596; x_wconf 87' lang='lat' dir='ltr'>ungula</span> 
     </span>
     <span class='ocr_line' id='line_1_39' title="bbox 319 2609 2247 2655; baseline -0.001 -12"><span class='ocrx_word' id='word_1_486' title='bbox 319 2610 420 2647; x_wconf 79' lang='lat' dir='ltr'>fudit.</span> <span class='ocrx_word' id='word_1_487' title='bbox 447 2613 507 2644; x_wconf 79' lang='lat' dir='ltr'>aut</span> <span class='ocrx_word' id='word_1_488' title='bbox 530 2612 655 2654; x_wconf 83' lang='lat' dir='ltr'>&#39;prima</span> <span class='ocrx_word' id='word_1_489' title='bbox 678 2613 793 2646; x_wconf 56' lang='grc' dir='ltr'>1011113ἱ</span> <span class='ocrx_word' id='word_1_490' title='bbox 822 2613 844 2646; x_wconf 90' lang='lat' dir='ltr'>i.</span> <span class='ocrx_word' id='word_1_491' title='bbox 871 2624 898 2646; x_wconf 86' lang='lat' dir='ltr'>e.</span> <span class='ocrx_word' id='word_1_492' title='bbox 925 2613 1029 2652; x_wconf 88' lang='lat' dir='ltr'>litus,</span> <span class='ocrx_word' id='word_1_493' title='bbox 1055 2615 1095 2646; x_wconf 90' lang='lat' dir='ltr'>ut</span> <span class='ocrx_word' id='word_1_494' title='bbox 1121 2613 1225 2655; x_wconf 79' lang='lat' dir='ltr'>(Aen.</span> <span class='ocrx_word' id='word_1_495' title='bbox 1251 2611 1266 2644; x_wconf 90' lang='grc' dir='ltr'>Ι</span> <span class='ocrx_word' id='word_1_496' title='bbox 1292 2612 1373 2655; x_wconf 78' lang='grc'>541)</span> <span class='ocrx_word' id='word_1_497' title='bbox 1400 2612 1638 2655; x_wconf 87' lang='lat' dir='ltr'>primaque</span> <span class='ocrx_word' id='word_1_498' title='bbox 1664 2612 1831 2645; x_wconf 85' lang='lat' dir='ltr'>vetant</span> <span class='ocrx_word' id='word_1_499' title='bbox 1856 2609 2124 2643; x_wconf 87' lang='lat' dir='ltr'>consistere</span> <span class='ocrx_word' id='word_1_500' title='bbox 2151 2612 2247 2647; x_wconf 87' lang='lat' dir='ltr'>(con-</span> 
     </span>
     <span class='ocr_line' id='line_1_40' title="bbox 320 2667 862 2711; baseline 0.004 -11"><span class='ocrx_word' id='word_1_501' title='bbox 320 2667 429 2701; x_wconf 76' lang='lat' dir='ltr'>sidere</span> <span class='ocrx_word' id='word_1_502' title='bbox 456 2668 545 2711; x_wconf 75' lang='lat' dir='ltr'>cod.)</span> <span class='ocrx_word' id='word_1_503' title='bbox 569 2671 696 2702; x_wconf 85' lang='lat' dir='ltr'>terra</span> <span class='ocrx_word' id='word_1_504' title='bbox 721 2668 802 2704; x_wconf 77' lang='lat' dir='ltr'>add.</span> <span class='ocrx_word' id='word_1_505' title='bbox 829 2669 862 2702; x_wconf 79' lang='lat' dir='ltr'><strong><em>L</em></strong></span> 
     </span>
    </p>
   </div>
  </div>
 </body>
</html>
