2424 3201
2001 259 2055 303 15

97 381 151 424 lis
173 382 204 433 8)
247 383 382 424 (1161118
429 383 538 435 6819)
584 382 704 437 quasi
752 384 886 424 terras
936 382 1150 436 teporem)
1196 382 1404 434 aperiens,
1460 382 1598 424 Maius
1650 396 1674 424 a
1720 383 1853 434 Maia,
1873 385 1925 436 11)
1985 386 2056 427 Iu-

99 452 193 493 nius
250 465 275 493 a
333 453 511 502 Iunone,
571 465 823 506 quamquam
873 451 945 492 alii
999 464 1023 492 a
1075 450 1301 503 maioribus
1351 452 1392 492 et
1421 452 1474 501 12)
1529 452 1758 494 iunioribus
1817 455 1892 496 hos
1951 454 2054 496 duos

99 532 263 562 menses
307 520 440 561 velint
493 533 583 562 esse
631 520 888 569 nominatos,
948 533 1047 562 nam
1105 521 1228 561 antea
1256 520 1306 568 13)
1365 519 1542 573 populus
1600 521 1812 563 Romanus
1861 523 1903 563 in
1960 535 2054 564 cen—

97 589 231 631 turias
274 589 482 630 iuniorum
532 591 574 631 et
615 589 823 631 seniorum
876 589 1031 630 divisus
1067 588 1215 630 fuerat.
1272 589 1419 642 reliqui
1468 589 1552 631 iam
1580 591 1631 640 14)
1684 603 1708 632 a
1756 604 1928 633 numero
1980 605 2054 634 no-

99 658 365 699 minabantur
397 657 593 709 Quintilis
629 658 795 701 Sextilis
835 658 1076 712 September
1113 657 1293 699 October
1320 657 1378 707 15)
1431 658 1666 700 November
1712 660 1951 702 December.
2013 662 2056 702 et

98 727 143 768 hi
191 729 311 769 erant
358 729 524 768 tantum
574 727 716 769 decem
767 740 943 769 menses.
1013 727 1092 769 duo
1148 739 1245 768 vero
1292 728 1459 780 propter
1508 728 1712 769 rationem
1771 729 2054 783 signorumffl)

99 796 197 838 anni
247 796 623 846 intercalabantur,
685 797 755 849 qui
806 797 952 849 postea
999 809 1022 837 a
1065 796 1166 837 Iano
1223 797 1265 836 et
1314 808 1337 836 a
1387 796 1548 837 Februo
1577 797 1628 848 17)
1681 799 1882 840 nominati
1937 800 2056 847 sunt3

97 869 356 918 Februusffss)
405 867 543 907 autem
595 866 659 906 est
702 866 880 917 Ditis19)
931 866 1068 918 pater,
1122 865 1186 906 cui
1235 876 1280 905 eo
1331 877 1474 905 mense
1525 865 1847 911 sacrificabatur.
1927 869 2057 921 Quin-

94 937 183 979 tilis
208 938 262 989 20)
306 938 348 978 61
386 935 553 978 Sextilis
598 934 750 975 mutati
791 935 888 975 sunt
926 936 1071 987 postea
1108 934 1151 974 in
1180 934 1378 975 honorem
1420 934 1517 975 Iulii
1555 935 1742 977 Caesaris
1781 939 1822 978 et
1860 937 2056 992 Augusti,

99 1006 208 1048 unde
240 1007 337 1047 sunt
364 1004 495 1046 Iulius
526 1005 568 1045 et
595 1004 826 1057 Augustus.
872 1002 930 1044 sic
952 1002 1126 1044 Ovidius
1156 1002 1199 1043 in
1229 1003 1360 1045 fastis.
1382 1004 1435 1053 21)
1499 1017 1596 1058 ergo
1629 1017 1722 1046 vere
1752 1018 1854 1047 novo
1887 1009 1928 1048 et
1959 1007 2055 1048 anni

98 1075 216 1117 initio
258 1074 481 1127 accipimus
506 1073 560 1124 22)
597 1074 639 1114 61
677 1071 812 1125 prima
840 1073 959 1125 parte
976 1072 1028 1121 23)
1060 1071 1180 1113 veris.
1240 1085 1337 1113 nam
1370 1073 1466 1113 anni
1504 1075 1700 1126 quattuor
1729 1076 1826 1115 sunt
1867 1076 2056 1129 tempora

100 1143 232 1185 divisa
259 1144 302 1184 in
332 1145 473 1184 ternos
503 1153 686 1190 menses,
721 1141 790 1194 qui
819 1142 1003 1194 ipsorum
1034 1143 1270 1194 temporum
1300 1142 1430 1184 talem
1461 1141 1621 1184 faciunt
1652 1142 1966 1194 discretionem,
2007 1146 2056 1186 ut

98 1212 230 1266 primo
248 1212 300 1262 24)
332 1223 474 1252 11161186
501 1210 610 1251 veris
628 1210 680 1260 2⁵)
712 1223 865 1251 novum
886 1210 1050 1251 dicatur
1070 1223 1154 1259 ver,
1174 1210 1229 1264 20)
1259 1211 1438 1253 secundo
1456 1213 1508 1262 2⁷)
1536 1211 1746 1261 adultum,
1779 1212 1903 1254 tertio
1933 1225 2056 1265 prae-

100 1293 219 1333 ceps,
255 1280 433 1331 81611123)
465 1280 590 1321 etiam
606 1280 659 1330 29)
692 1279 915 1321 Sallustius
939 1279 991 1328 30)
1023 1279 1123 1319 dicit
1152 1279 1315 1332 ubique.
1374 1280 1475 1322 item
1499 1282 1551 1332 31)
1590 1293 1698 1322 nova
1738 1282 1875 1322 aestas
1913 1281 2056 1323 adulta

93 1362 315 1403 praeceps,
347 1349 405 1390 sic
423 1349 475 1397 32)
506 1349 731 1390 autumnus
763 1361 896 1390 novus
927 1348 1095 1389 adultus
1124 1361 1340 1402 praeceps,
1379 1350 1479 1391 item
1510 1350 1671 1413 hiemps
1688 1350 1740 1400 33)
1771 1361 1879 1390 nova
1910 1349 2055 1392 adulta

96 1430 297 1471 praeceps
328 1417 395 1458 vel
414 1418 465 1464 34)
497 1418 700 1459 extrema:
751 1418 859 1459 unde
900 1419 964 1459 est
993 1416 1031 1472 (Ι
1065 1422 1164 1470 340)
1195 1420 1403 1459 eoetremae
1445 1419 1520 1460 sub
1558 1417 1777 1474 casmnffi)
1814 1417 1976 1461 hiemis.
1996 1419 2051 1474 30)

96 1499 195 1528 sane
224 1486 437 1527 sciendum
466 1487 784 1540 Xenophontem
813 1487 1025 1540 scripsisse
1042 1486 1098 1541 31)
1129 1499 1257 1527 unum
1289 1487 1442 1529 librum
1470 1487 1790 1537 oeconomicum,
1820 1487 1935 1528 cuius
1956 1501 2053 1541 pars

95 1555 246 1597 ultima
274 1555 573 1609 agriculturam
606 1555 878 1605 continet138)
909 1556 958 1597 de
990 1568 1073 1608 qua
1088 1557 1207 1608 parte
1228 1555 1364 1597 multa
1392 1557 1443 1598 ad
1460 1557 1513 1608 39)
1544 1558 1623 1599 hoc
1645 1569 1746 1610 opus
1768 1556 1978 1610 Vergilius
1996 1555 2054 1612 4⁰)

94 1760 187 1805 cod.)
214 1763 396 1795 memorat.
438 1761 551 1795 Varro
568 1761 834 1805 epistolicarum
853 1762 1100 1805 quaestionum
1124 1762 1249 1796 inter
1275 1772 1468 1796 mensem
1496 1762 1802 1797 Februarium
1822 1764 2050 1807 (febroarium

95 1817 187 1860 cod.)
229 1818 308 1862 qui
337 1820 449 1852 tunc
482 1820 612 1852 esset
637 1820 870 1852 extremus
904 1821 948 1853 et
980 1819 1110 1853 inter
1138 1818 1360 1853 calendas
1387 1818 1581 1854 Martias
1624 1831 1740 1864 quae
1779 1823 1884 1854 tunc
1909 1824 2047 1855 erant

95 1874 287 1918 primae,
318 1875 406 1910 Atta
431 1886 596 1910 annum
622 1887 787 1910 novum
811 1876 1065 1911 voluerunt
1089 1877 1285 1921 primum
1310 1877 1475 1920 (primam
1493 1876 1584 1922 cod.)
1611 1887 1809 1911 mensem
1835 1877 2046 1912 Martium

95 1934 133 1967 et
156 1932 244 1967 alibi
267 1934 466 1967 maiores
492 1933 714 1967 Martium
740 1933 931 1977 primum
957 1934 1236 1968 habuerunt.
1287 1933 1372 1967 add.
1390 1936 1430 1967 L.
1481 1934 1516 1967 ιῖνι
1536 1933 1572 1968 R
1589 1939 1789 1978 seqmontur
1806 1935 1943 1969 scholia
1965 1935 2047 1969 Ser-

94 1990 210 2024 viana
232 1989 281 2023 ad
305 1990 402 2025 canis
427 1991 607 2025 montibus
633 1995 664 2025 et
686 1990 735 2024 ad
766 2001 906 2025 versum
930 1991 993 2031 44,
1021 1991 1150 2035 quibus
1175 1991 1260 2025 haec
1285 1991 1413 2025 addita
1438 1996 1524 2026 sunt
1556 2003 1640 2026 sane
1670 1992 1850 2026 sciendum
1876 1995 1917 2027 ut
1943 2004 2045 2037 prae-

96 2047 247 2082 diximus
273 2047 442 2082 Martium
479 2058 499 2082 a
524 2048 640 2082 Marte
665 2048 885 2092 appellatum
915 2050 952 2082 61
984 2049 1137 2092 primum
1168 2059 1244 2082 esse
1270 2059 1426 2083 mensem
1458 2049 1493 2082 in
1523 2059 1615 2083 anno
1711 2051 1745 2092 8)
1782 2061 1863 2084 vero
1892 2050 1974 2084 add.
2001 2053 2040 2091 L,

96 2106 216 2139 autem
241 2104 326 2139 add.
351 2105 388 2140 R
446 2140 458 2144 ,
482 2105 516 2149 9)
543 2104 672 2138 dicitur
703 2107 733 2138 V
826 2106 883 2149 10)
912 2107 1071 2148 tempore
1102 2105 1146 2145 P,
1175 2105 1346 2149 temperie
1380 2108 1411 2138 V
1504 2108 1560 2149 11)
1587 2109 1700 2141 matre
1725 2106 1902 2141 Mercurii.
1952 2106 2045 2141 unde

95 2162 184 2196 alibi
209 2162 304 2196 Maia
328 2162 489 2207 genitum
514 2161 634 2196 dicens
659 2162 833 2205 Virgilius
860 2161 976 2196 Maiae
1003 2162 1117 2196 filium
1141 2162 1354 2197 Mercurium
1396 2162 1595 2207 significat,
1635 2163 1718 2207 quia
1740 2164 1900 2198 malitiae
1926 2167 2049 2199 votum

97 2219 153 2253 vel
179 2229 266 2262 opus
293 2219 451 2263 peragit,
482 2220 543 2263 qui
577 2219 684 2253 etiam
709 2219 822 2253 melus
849 2219 1052 2263 appellatur
1076 2230 1098 2253 a
1121 2220 1224 2264 nigro
1255 2220 1337 2254 felle
1365 2220 1458 2265 quod
1483 2220 1608 2255 Graeci
1633 2220 1750 2255 melan
1776 2220 1909 2255 dicunt.
1958 2222 2050 2256 unde

97 2277 134 2310 et
159 2276 406 2310 melancholici
430 2276 656 2320 appellantur
679 2276 840 2311 homines
875 2277 935 2321 qui
966 2279 1001 2310 et
1035 2277 1337 2312 conversationem
1364 2277 1554 2312 humanam
1588 2278 1772 2323 refugiunt
1797 2281 1833 2312 et
1857 2279 2048 2312 amicorum

97 2333 253 2377 suspecti
278 2335 361 2367 sunt
386 2332 467 2367 add.
494 2332 531 2367 R
626 2333 681 2375 12)
707 2344 726 2366 a
760 2333 844 2367 add.
877 2334 913 2367 P
1008 2334 1063 2376 13)
1100 2336 1182 2368 ante
1208 2337 1275 2367 PV
1365 2335 1421 2379 14)
1457 2345 1610 2379 namque
1633 2339 1662 2368 B
1757 2336 1813 2379 15)
1847 2335 1991 2369 octuber
2023 2338 2055 2369 V

99 2390 156 2433 16)
188 2401 254 2424 om.
289 2393 335 2431 L,
375 2401 513 2425 menses
550 2389 634 2424 add.
668 2394 698 2423 B
794 2391 850 2434 17)
885 2391 982 2426 febro
1019 2395 1047 2424 L
1144 2392 1200 2436 18)
1233 2391 1353 2425 februs
1393 2395 1424 2424 Γ
1517 2393 1573 2436 19)
1608 2393 1631 2427 1.
1662 2404 1688 2427 e.
1716 2393 1879 2427 Plutonis
1906 2392 1991 2426 add.
2019 2396 2049 2425 B

97 2446 157 2490 20)
184 2447 358 2491 quintilus
382 2450 411 2480 L
511 2448 570 2491 21)
596 2447 647 2481 816
671 2447 838 2482 oboedius
865 2448 902 2482 in
927 2449 1032 2483 fastis
1057 2449 1150 2484 unde
1185 2452 1268 2484 sunt
1294 2449 1402 2484 iulius
1428 2452 1464 2484 et
1488 2452 1662 2494 augustus
1689 2452 1716 2482 L
1812 2450 1870 2494 22)
1897 2450 2049 2493 accipia—

97 2514 176 2537 mus
208 2507 237 2537 L
328 2505 386 2545 23)
420 2504 571 2548 primam
600 2507 737 2548 partem
776 2508 805 2537 1⁷
895 2506 953 2549 24)
987 2507 1103 2550 priore
1135 2510 1164 2539 L
1258 2506 1316 2549 25)
1350 2517 1410 2540 ver
1444 2509 1472 2539 L
1566 2507 1623 2549 26)
1659 2518 1724 2541 om.
1760 2510 1789 2539 L
1884 2507 1941 2549 27)
1968 2507 1991 2540 i.
2018 2517 2048 2541 6.

96 2571 218 2595 11161186
251 2571 348 2604 swpr.
380 2572 466 2596 vers.
500 2561 584 2595 add.
625 2562 662 2595 B
756 2562 813 2605 28)
848 2566 888 2596 111
917 2568 944 2596 Β
1037 2564 1096 2608 29)
1133 2575 1196 2600 om.
1231 2567 1260 2596 B
1356 2565 1412 2607 30>
1447 2565 1616 2599 salustius
1642 2567 1709 2597 ΡΥ
1799 2565 1857 2608 31)
1892 2574 1958 2598 om.
1984 2566 2042 2596 BL

98 2617 157 2661 32)
183 2617 233 2651 sic
255 2620 444 2652 autumnus
470 2629 582 2652 novus
608 2639 651 2643 —
679 2619 802 2654 adulta
828 2631 995 2664 praeceps
1019 2632 1084 2655 om.
1117 2625 1174 2654 VB
1244 2622 1302 2666 33)
1326 2621 1439 2656 hiems
1466 2622 1502 2655 P
1579 2621 1637 2666 34)
1664 2623 1701 2655 61
1722 2624 1751 2653 Β
1830 2622 1887 2664 35)
1916 2630 1997 2654 casu
2022 2623 2055 2654 V

97 2675 157 2717 36)
189 2675 302 2709 hiems
328 2675 365 2708 P
463 2676 522 2714 37)
555 2676 738 2711 scribsisse
775 2679 803 2710 L
899 2677 956 2719 38)
991 2688 1074 2712 nam
1108 2678 1243 2722 primus
1276 2682 1466 2723 praecepta
1493 2679 1602 2714 habet
1629 2677 1709 2712 add,
1736 2681 1766 2710 B
1861 2679 1917 2719 39)
1947 2687 2048 2711 suum

98 2730 182 2767 add.
209 2734 239 2764 L
332 2732 391 2768 40)
416 2732 580 2777 virgilius
603 2736 698 2767 PVB
