2393 3141
310 227 366 269 20

310 350 521 390 redimunt
550 359 591 386 se
626 357 674 385 ea
705 345 832 395 parte
868 341 1076 392 corporis,
1120 342 1299 391 propter
1337 352 1464 391 quam
1501 338 1685 379 maxime
1720 340 1983 389 mmmmm.
2042 339 2250 381 Iuvenalis

312 419 404 469 (sat.
445 416 524 457 XII
563 415 631 464 34)
674 413 745 464 qui
785 425 826 452 se
867 409 1097 451 eunuchum
1144 408 1235 459 ipse
1279 408 1387 460 facit
1439 408 1612 460 cupiens
1656 406 1826 448 evadere
1863 407 2016 448 damno
2054 407 2250 449 testiculi.

312 486 491 527 castores
523 483 661 523 autem
694 492 717 521 a
749 478 964 520 castrando
1005 477 1103 517 dicti
1132 478 1240 518 sunt.
1299 477 1443 517 virosa
1482 477 1622 517 autem
1639 475 1692 526 56)
1733 476 1949 517 venenata.
2011 488 2109 518 nam
2151 475 2251 517 licet

311 555 393 595 sint
419 551 561 593 multis
592 547 790 595 remedio,
820 547 960 587 tamen
989 546 1266 599 praegnantes
1299 557 1440 586 eorum
1471 544 1594 585 odore
1625 542 1808 585 abiciunt
1825 542 1880 595 ⁵⁷)
1900 545 1942 585 et
1961 546 2135 598 egerunt
2154 557 2251 598 par-

311 620 479 670 tum-⁵⁸)
539 619 579 659 et
608 618 750 657 virosa
783 615 893 656 dicta
923 615 974 656 ab
1005 626 1051 655 eo
1083 613 1192 666 quod
1226 613 1288 654 est
1318 612 1441 653 virus.
1491 611 1562 653 alii
1590 610 1714 652 fortia
1736 611 1943 664 accipiunt
1965 625 1989 653 a
2010 612 2249 664 viribus.5⁹)

456 710 524 757 59)
553 703 762 746 Eliadum
786 701 958 754 palmas
986 701 1150 753 Epiros
1166 702 1219 752 60)
1253 713 1478 753 equarum:
1517 699 1740 753 hypallage
1758 700 1811 751 61)
1855 701 1937 750 est,
1975 713 2072 742 nam
2101 701 2179 741 hoc
2194 700 2247 751 62)

312 777 428 818 dicit:
477 774 621 827 Epiros
640 774 691 822 63)
735 772 847 812 creat
889 783 1013 823 equas
1057 769 1254 822 optimas,
1297 781 1400 822 quae
1434 767 1734 821 apudElidem
1766 768 1927 821 palmas
1957 769 2169 810 merentur
2207 769 2251 809 in

311 845 417 886 Iovis
459 841 661 896 Olympici
701 839 833 881 curuli
848 840 900 888 64)
953 838 1190 879 certamine.
1265 849 1362 878 sane
1410 837 1556 899 Epiros
1574 835 1629 892 65)
1679 849 1826 890 graece
1867 838 2097 891 profertur,
2141 837 2250 878 unde

311 913 434 954 etiam
468 924 487 952 e
518 910 645 951 habet
676 909 909 955 accentum3
951 920 1047 948 narn
1079 907 1113 948 si
1143 906 1391 960 latinumssss)
1427 906 1536 946 esset
1555 905 1733 957 Epirus,
1753 905 1809 960 67)
1848 906 1889 959 pi
1924 906 2115 955 haberet,
2155 905 2251 958 quia

308 980 432 1033 longa
464 980 537 1019 est.
598 990 674 1019 nec
703 976 861 1017 mireris
894 988 1018 1028 equas
1047 987 1229 1024 currere,
1262 987 1358 1015 nam
1387 975 1434 1015 ut
1462 973 1563 1014 dicit
1590 973 1750 1015 Plinius
1782 975 1881 1025 (nat.
1914 974 2022 1015 hist(
2043 973 2146 1014 VIII
2174 972 2249 1029 42)

311 1047 531 1089 velociores
562 1049 656 1087 sunt
684 1046 794 1093 ideo,
826 1044 935 1098 quod
963 1044 1006 1084 in
1034 1056 1155 1084 cursu
1187 1043 1349 1083 urinam
1381 1042 1550 1084 faciunt.

450 1135 521 1189 60)
556 1134 750 1175 confirmo
792 1133 870 1173 has
911 1132 1036 1184 zegyes:
1086 1131 1258 1184 iugiter,
1298 1130 1349 1171 ad
1372 1131 1437 1179 68)·
1460 1132 1727 1184 perpetuum,
1775 1131 1819 1172 in
1861 1133 2101 1180 aeternum,
2144 1129 2251 1171 sicut

311 1203 521 1257 sequentia
546 1202 752 1249 indicant3
785 1214 881 1242 nam
908 1201 1091 1241 dicturus
1123 1200 1186 1240 est
1219 1200 1471 1250 aeternaque
1498 1200 1668 1250 foedera
1698 1199 1861 1240 mmzdi.

449 1286 518 1333 62)
550 1281 785 1321 Deucalion
814 1293 992 1321 vacuum
1021 1279 1187 1331 lapides
1214 1279 1392 1319 iactavit
1421 1279 1466 1319 m
1495 1279 1652 1319 orbem:
1688 1278 1771 1319 iarn
1802 1279 1954 1320 transit
1987 1278 2038 1320 ad
2067 1278 2251 1319 fabulam

311 1354 352 1393 et
381 1351 538 1405 poetice
556 1350 607 1399 69)
640 1349 755 1398 dicit,
794 1349 875 1390 ista
906 1350 996 1390 tum
1017 1349 1068 1398 ⁷⁰)
1111 1348 1290 1401 primum
1320 1348 1499 1396 statuta⁷
1541 1359 1644 1399 quae
1672 1346 1723 1387 ab
1755 1346 1871 1388 initio
1904 1347 2048 1388 mundi
2087 1348 2251 1388 constat

309 1420 445 1460 fuisse.

455 1500 523 1548 63)
551 1497 660 1538 ›2⁶22ch
689 1496 875 1537 homines
906 1496 1012 1544 nati,
1045 1496 1198 1536 dmum
1225 1508 1377 1547 yemcs:
1395 1493 1449 1550 ⁷¹)
1480 1493 1680 1547 expressit
1712 1492 1761 1533 τὸ
1794 1490 1931 1534 αἴτιον
1960 1495 1985 1537 i.
2012 1508 2042 1537 e.
2073 1495 2252 1536 causati-

310 1581 418 1609 vum.
480 1579 572 1607 nani
608 1566 648 1606 et
679 1577 825 1618 graece
860 1564 1001 1617 populi
1033 1561 1130 1605 λαοί
1150 1565 1201 1613 72)
1234 1564 1425 1604 dicuntur
1466 1576 1489 1604 a
1522 1563 1740 1616 lapidibus.
1761 1564 1812 1613 ⁷3)
1872 1577 1966 1616 erqo
2005 1577 2079 1616 aye
2116 1566 2254 1604 terrae

302 1635 462 1687 pinque
496 1633 651 1674 solum.-
680 1633 763 1674 iam
793 1633 901 1673 redit
937 1632 987 1672 ad
1018 1645 1197 1673 causam.

450 1716 519 1763 64)
545 1712 705 1763 primis
744 1710 945 1762 extemplo
985 1724 1012 1751 α
1042 1712 1255 1753 mensibus
1283 1711 1484 1761 anm.·⁷4)
1525 1712 1602 1753 hoc
1635 1713 1698 1752 est
1735 1704 1911 1764 qnod75)
1953 1712 2054 1755 dixit
2085 1726 2175 1754 vere
2197 1713 2252 1769 76)

309 1794 423 1822 novo.
442 1781 497 1821 77)

458 1862 526 1910 66)
551 1858 845 1910 pulverulenta
876 1861 1023 1910 coquat
1054 1859 1238 1900 maturis
1267 1858 1424 1900 solibus
1453 1861 1614 1900 aestas:
1644 1872 1748 1912 quae
1770 1859 1915 1913 glebas
1945 1861 2068 1902 solvit
2097 1862 2138 1902 in
2159 1862 2252 1915 pul-

313 1942 450 1971 verem
491 1930 532 1969 et
569 1927 704 1968 reddit
739 1940 926 1977 causam,
971 1940 1041 1968 cur
1079 1927 1157 1968 hoc
1193 1928 1342 1969 debeat
1373 1927 1471 1969 fieri.
1534 1928 1717 1969 maturis
1749 1930 1888 1969 autem
1920 1929 2143 1980 solibusffl)
2190 1932 2253 1972 est

313 1996 640 2044 vehementibus,
660 1995 712 2046 79)
740 1995 930 2046 fervidis,
963 1995 1136 2049 magnis.
1158 1995 1210 2041 80)

453 2168 509 2209 56)
536 2166 598 2198 aut
624 2164 730 2197 fortia
758 2166 820 2197 aut
844 2167 936 2199 certe
961 2164 1046 2199 add.
1082 2167 1113 2197 V
1203 2165 1260 2207 57)
1289 2164 1446 2198 obiciunt
1470 2168 1501 2198 P
1592 2166 1650 2210 58)
1685 2169 1808 2210 partus
1842 2179 1922 2202 suos
1955 2171 1992 2202 V.
2043 2168 2082 2201 m
2106 2171 2156 2206 B,
2191 2167 2255 2210 qui

314 2225 413 2258 habet
439 2224 586 2265 egerunt
608 2223 744 2264 partem
769 2231 879 2263 supra
905 2222 1075 2265 scriptum
1100 2226 1149 2256 est
1174 2224 1190 2255 t
1207 2223 1370 2267 og·liiz‘1ret
1387 2222 1548 2256 chfibairt
1620 2224 1678 2266 59)
1702 2224 1783 2258 fibri
1800 2224 1885 2258 dicti
1908 2224 2098 2259 secundum
2123 2224 2252 2258 Varro—

314 2292 392 2313 nem
419 2278 510 2322 quod
536 2279 570 2311 in
598 2278 877 2311 extremitatibus
903 2279 1058 2322 riparum
1085 2289 1159 2313 esse
1189 2279 1324 2319 solent;
1358 2279 1485 2314 fibrum
1519 2280 1613 2314 enim
1637 2280 1812 2314 ducebant
1837 2283 2051 2315 extremum:
2092 2281 2183 2314 unde
2217 2283 2253 2315 et

314 2336 451 2370 fimbria
476 2336 569 2369 dieta
602 2337 637 2369 et
661 2336 696 2368 in
721 2335 832 2368 iecore
857 2338 1050 2369 extremum
1075 2335 1175 2370 fibra.
1219 2337 1262 2370 iis
1290 2336 1400 2370 cauda
1424 2339 1478 2371 est
1501 2337 1627 2381 piscis,
1664 2339 1804 2371 caetera
1828 2339 1960 2381 species
1990 2339 2115 2373 lutrae.
2159 2339 2253 2382 pilus

315 2394 434 2436 pluvia
454 2392 591 2425 mollior
613 2394 653 2425 ut
678 2393 729 2426 ait
751 2392 898 2426 Plinius.
939 2392 1022 2426 add.
1051 2393 1103 2427 Η.
1128 2404 1172 2426 m.
1201 2404 1267 2427 sec.
1292 2394 1332 2427 in
1354 2405 1465 2438 marg).
1549 2396 1607 2437 60)
1634 2405 1759 2439 epyros
1786 2398 1817 2428 P
1895 2395 1952 2439 61)
1977 2396 2144 2441 ypallage
2161 2398 2258 2428 PBV

315 2452 371 2484 62)
398 2449 481 2482 haec
509 2452 535 2479 B
628 2450 685 2492 63)
712 2460 836 2494 epyrus
861 2451 890 2479 P
982 2449 1038 2491 64)
1066 2450 1178 2484 curuli
1201 2454 1246 2491 P,
1274 2450 1376 2484 curili
1407 2455 1452 2491 Γ,
1480 2451 1599 2485 curi-ili
1624 2455 1652 2484 B
1746 2452 1802 2495 65)
1822 2462 1946 2496 epyros
1969 2457 2001 2486 P
2090 2454 2148 2493 66)
2171 2452 2253 2486 lati-

314 2517 379 2540 nus
407 2509 434 2538 B
527 2505 583 2547 67)
610 2516 735 2548 epyrus
761 2509 806 2543 Γ,
842 2504 956 2546 epiros
989 2508 1020 2537 Γ
1111 2507 1169 2551 68)
1202 2508 1239 2541 in
1265 2509 1445 2542 aeternum
1474 2508 1519 2542 ad
1542 2508 1817 2551 perpetuitatem
1845 2512 1903 2542 PR
1998 2512 2054 2552 69)
2094 2509 2252 2554 pooetice

316 2566 345 2594 Γ
437 2562 491 2601 70)
532 2561 601 2594 ista
632 2563 722 2605 tum}
757 2563 888 2594 statum
923 2565 1013 2593 PT'B
1108 2564 1165 2607 71)
1199 2564 1349 2598 subaudi
1375 2565 1435 2608 qui
1460 2566 1543 2599 sunt
1572 2563 1652 2598 add.
1678 2564 1713 2598 R
1809 2567 1865 2607 72)
1900 2567 1964 2598 Zao
2004 2569 2051 2606 V,
2094 2567 2179 2598 λαου
2224 2568 2252 2597 B

317 2620 371 2660 73)
399 2622 481 2655 λλιος
506 2618 596 2651 enim
626 2619 715 2662 lapis
743 2618 870 2651 dicitur
895 2618 979 2651 add.
1011 2619 1058 2652 H.
1086 2631 1130 2654 m.
1157 2631 1221 2654 see.
1249 2621 1272 2654 i.
1299 2632 1410 2665 wamy.
1484 2622 1541 2665 74)
1569 2621 1670 2656 annis
1705 2624 1736 2654 Γ
1813 2622 1870 2657 75)
1904 2633 1967 2655 om.
1996 2625 2027 2654 V
2101 2622 2157 2663 76)
2176 2631 2252 2655 cere

323 2678 350 2706 Γ
419 2677 474 2717 77)
506 2675 645 2709 ΤΑΠΗΙ
674 2675 777 2708 boves
800 2674 883 2707 add.
910 2675 944 2709 R
1015 2676 1071 2719 78)
1097 2676 1133 2710 id
1159 2677 1242 2710 add.
1270 2681 1298 2709 B
1364 2679 1419 2722 79)
1446 2678 1671 2712 vehementer
1702 2681 1761 2711 VB
1829 2678 1886 2723 80)
1915 2678 2037 2712 dicbus
2054 2677 2135 2711 add.
2155 2676 2191 2711 R
