2424 3201
1998 261 2052 303 13

244 390 315 440 34)
352 387 569 440 panditur
606 387 696 439 ipse
730 385 830 427 tibi:
884 385 983 428 ordo
1018 386 1101 427 est:
1152 397 1233 438 qua
1263 384 1379 426 locus
1410 384 1499 438 ipse
1529 384 1604 426 tibi
1634 385 1842 439 panditur.
1859 384 1912 437 ⁵4)
1974 385 2052 427 tibi

98 460 239 501 autem
265 458 307 498 in
333 458 453 498 tuum
483 456 682 497 honorem
713 455 754 495 et
786 454 977 507 gratiam.
990 451 1043 503 ⁵⁵)

245 539 315 588 35)
347 535 504 576 ardens
533 535 750 586 scorpius:
768 533 821 583 56)
865 533 1014 575 ardens
1054 533 1106 574 ad
1139 531 1245 573 illud
1278 531 1476 582 refertur,
1522 532 1618 585 quia
1647 533 1798 575 Martis
1830 536 1894 576 est
1922 534 2055 576 domi-

98 605 258 653 cilium3
297 616 394 645 nam
427 603 576 657 scorpii
606 605 772 656 tempus
803 602 1001 656 frigidum
1030 603 1106 651 est,
1138 600 1288 654 quippe
1319 599 1434 641 cuius
1456 600 1694 643 November
1725 603 1789 643 est
1817 601 2055 657 mensis.⁵⁷)

97 675 215 715 iusta
235 672 340 725 plus
363 674 513 724 parte:
568 671 793 713 secundum
824 671 1077 720 Chaldaeos,
1127 669 1197 723 qui
1229 669 1435 722 scorpium
1476 670 1619 712 dicunt
1660 670 1839 724 spatium
1880 671 2056 713 duorum

99 743 313 797 signorum
347 743 501 783 tenere.
520 740 572 790 58)

245 815 313 860 36)
351 800 557 862 ᾁειέσςῑάτῖᾱ
578 809 631 859 59)
671 809 778 850 eris:
829 809 928 850 ordo
967 809 1050 849 est:
1103 808 1296 861 quicquid
1322 807 1374 858 60)
1416 807 1518 855 eris,
1571 807 1623 848 da
1660 807 1826 850 facilem
1861 802 2054 868 cursum3

99 882 238 922 cetera
277 878 385 921 enim
423 890 496 931 per
536 878 872 931 parenthesinfll)
904 877 1014 918 dicta
1031 876 1082 925 62)
1115 876 1295 928 31111663)
1356 889 1459 917 nam
1498 878 1535 916 tc
1574 877 1714 927 166664)
1747 879 1915 928 sperent
1948 877 2056 918 Ταν-

97 951 200 989 tara
230 961 385 1000 reyem,
404 947 456 984 65,
488 960 561 988 nec
590 947 668 987 tibi
699 946 909 999 reynamli
939 945 1082 986 veniat
1113 947 1200 985 tam
1232 944 1332 985 dira
1354 944 1531 996 cupido:
1562 941 1852 1001 ἀλληγορικιῦς
1870 946 1923 997 66)
1957 946 2057 988 dicit

97 1017 219 1059 illum
249 1029 325 1058 nec
357 1016 506 1057 debere
533 1015 640 1057 mori
671 1014 778 1056 velle
809 1027 885 1056 nec
913 1013 1110 1068 possem)

242 1095 314 1150 38)
343 1096 538 1148 quamvis
575 1094 750 1147 Elysios
776 1095 827 1144 66)
866 1094 1046 1135 miretur
1080 1092 1268 1135 Graecia
1307 1106 1496 1146 campos:
1549 1093 1650 1135 licet
1675 1094 1728 1144 69)
1769 1096 2057 1148 praeferantur

98 1166 221 1207 inferi
251 1179 274 1207 a
306 1165 465 1219 graecis
496 1164 641 1217 poetis.
660 1164 713 1214 76)
1077 1167 1079 1169 “

247 1238 315 1284 39)
348 1247 419 1275 uec
451 1234 630 1285 repetita
658 1233 774 1284 sequi
807 1234 921 1273 curet
950 1231 1219 1283 Proserpina
1249 1233 1451 1271 matrem:
1493 1231 1684 1282 Ceres71)
1718 1245 1811 1273 cum
1837 1233 2002 1285 raptam
2033 1245 2058 1273 a

99 1303 279 1345 Plutone
309 1303 603 1356 Proserpinam
632 1301 763 1342 filiam
804 1301 873 1342 diu
914 1301 1167 1354 quaesisset,
1212 1301 1383 1341 tandem
1422 1300 1644 1354 aliquando
1687 1314 1776 1343 eam
1818 1314 1907 1343 esse
1950 1301 2059 1354 apud

101 1372 255 1413 inferos
286 1372 505 1424 comperit:
527 1371 578 1420 ⁷2)
617 1383 690 1423 pro
724 1382 805 1422 qua
836 1382 878 1410 re
909 1382 1002 1410 cum
1040 1369 1150 1411 Iovis
1190 1369 1457 1422 implorasset
1489 1370 1686 1411 auxilium
1717 1370 1790 1411 ille
1832 1370 2058 1423 respondit,

100 1451 222 1493 posse
255 1451 346 1481 eam
376 1440 548 1489 reverti,
599 1439 632 1480 si
669 1439 772 1480 nihil
814 1439 922 1492 apud
953 1438 1106 1479 inferos
1140 1438 1406 1492 gustavisset.
1425 1438 1476 1488 73)
1536 1438 1611 1479 illa
1640 1440 1779 1480 autem
1807 1439 1890 1480 iam
1919 1438 2060 1492 punici

243 1595 301 1643 54)
327 1609 351 1632 α
376 1598 489 1633 verbis
512 1609 602 1643 quac
627 1602 713 1633 sunt
742 1597 824 1632 ordo
853 1599 927 1631 est:
952 1608 1020 1641 qua
1045 1597 1142 1631 locus
1169 1597 1245 1641 ipse
1271 1596 1339 1631 tibi
1361 1597 1533 1641 panditur
1557 1598 1597 1631 in
1623 1597 1658 1632 R
1676 1598 1803 1641 incipit
1827 1598 1988 1632 scholion
2012 1597 2062 1631 ad

101 1666 188 1691 vers.
213 1656 274 1696 33,
309 1655 499 1690 adelmum·
531 1656 625 1689 inter
650 1656 829 1700 Erigonen
857 1658 1115 1699 sequentesque
1142 1654 1259 1689 chelas
1370 1656 1428 1698 55)
1461 1656 1560 1689 tuam
1599 1655 1683 1689 add.
1716 1655 1760 1690 P.
1809 1655 1907 1698 ipse
1940 1656 2060 1688 autem

102 1713 216 1752 ultro,
254 1723 317 1746 sua
342 1715 478 1756 sponte.
529 1713 632 1756 ipse
659 1712 765 1746 tibi:
801 1712 858 1746 hic
884 1712 1137 1757 distinguitur,
1166 1713 1237 1746 nisi
1262 1712 1409 1746 dixeris:
1438 1713 1514 1756 ipse
1539 1712 1607 1746 tibi
1628 1712 1700 1746 iam
1727 1713 1816 1754 (tum
1841 1711 1934 1755 cod.)
1959 1711 2060 1745 brac-

103 1770 181 1804 chia
217 1769 395 1804 contrahit
441 1771 607 1814 (contrait
632 1769 723 1811 cod.)
758 1769 885 1804 ardens
921 1770 1079 1814 scorpius
1113 1770 1284 1814 <scorpios
1310 1769 1401 1813 cccl.)
1441 1770 1581 1811 †bene
1607 1770 1783 1814 optantis,
1826 1768 1933 1803 verba
1968 1768 2061 1802 male

104 1826 237 1861 dictum
251 1822 558 1870 comprehendisse
583 1826 926 1871 (compraehendisse
950 1826 1042 1870 cod.)
1068 1827 1266 1862 videantur.
1301 1827 1390 1860 IAM
1415 1827 1656 1861 BRACCHIA
1674 1825 1951 1861 CONTRAHIT
1978 1825 2059 1859 AR-

103 1884 228 1918 DENS
256 1883 504 1919 SCORPIUS:
540 1885 619 1920 ideo
645 1885 809 1928 Augusto
834 1884 959 1918 merito
986 1885 1086 1919 iuxta
1103 1886 1280 1929 scorpium
1303 1886 1419 1919 locum
1445 1885 1623 1930 adsignat,
1651 1884 1732 1929 quia
1749 1883 1846 1918 sidus
1860 1883 1928 1918 hoc
1952 1894 2060 1927 supra

103 1942 253 1976 Romam
278 1943 434 1986 positum
462 1943 627 1977 creditur.
678 1942 790 1975 varro
814 1943 934 1975 tamen
969 1943 1021 1976 ait
1046 1953 1083 1976 se
1116 1942 1268 1987 legisse,
1298 1943 1503 1986 Empedocli
1537 1942 1765 1987 (enipedotim
1795 1941 1886 1977 cod.)
1921 1941 2061 1975 cuidam

105 1999 325 2044 Syracusano
351 2011 371 2034 a
399 1999 551 2044 quadam
576 2001 756 2043 potestate
792 1998 912 2032 divina
939 1999 1126 2033 mortalem
1159 1999 1366 2044 adspectum
1398 2001 1594 2039 detersum,
1636 2009 1784 2042 eumque
1815 1999 1910 2032 inter
1943 2000 2061 2032 cetera

104 2059 176 2091 tres
201 2059 323 2101 portas
348 2057 480 2091 vidisse
505 2061 647 2102 tresque
678 2058 772 2091 vias:
799 2067 906 2091 unam
933 2056 978 2090 ad
1003 2057 1146 2101 signum
1163 2058 1378 2101 scorpionis,
1401 2069 1470 2102 qua
1497 2056 1666 2090 Hercules
1692 2055 1737 2089 ad
1763 2054 1845 2089 deos
1871 2055 1942 2088 isse
1968 2054 2061 2089 dice-

105 2115 219 2153 retur,
256 2114 405 2165 alteram
432 2126 494 2159 per
516 2115 688 2155 limitem,
717 2116 777 2159 qui
802 2117 856 2149 est
883 2114 977 2148 inter
1002 2114 1140 2148 leonem
1175 2119 1210 2148 et
1247 2126 1430 2151 cancrum:
1465 2114 1611 2150 tertiam
1635 2123 1711 2147 6336
1745 2112 1839 2147 inter
1874 2113 2061 2157 aquarium

107 2173 142 2204 et
166 2171 292 2214 pisces.
343 2175 469 2217 argute
496 2173 617 2217 itaque
643 2183 721 2207 eam
746 2173 840 2206 viam
867 2174 903 2206 et
933 2171 1050 2206 sedem
1076 2172 1204 2206 tribuit
1228 2172 1412 2217 Augusto,
1439 2172 1526 2206 forti
1549 2170 1775 2215 imperatori,
1805 2180 1911 2214 quani
1936 2168 2063 2202 habuit

106 2227 192 2263 <leus
215 2228 317 2263 fortis
343 2229 426 2263 add·
451 2233 480 2262 L
574 2231 632 2275 56)
660 2229 885 2265 SCORPIOS
912 2232 971 2262 ΖΒ
1066 2231 1124 2272 57)
1151 2230 1207 2263 vel
1236 2229 1363 2264 ardens
1388 2229 1433 2263 ad
1458 2230 1553 2263 virus
1579 2230 1653 2263 eius
1680 2228 1735 2262 vel
1759 2227 1804 2261 ad
1829 2226 2062 2271 cupiditatem

105 2285 261 2331 Augusti
287 2286 480 2330 recipiendi
509 2286 594 2321 adel.
619 2291 647 2320 L
741 2288 800 2331 58)
827 2298 911 2332 ergo
937 2289 972 2320 ct
996 2287 1065 2321 loci
1090 2288 1206 2331 spatio
1232 2291 1266 2322 te
1295 2288 1427 2321 invitat
1451 2286 1534 2321 adel.
1559 2289 1588 2318 L
1682 2286 1739 2326 59)
1767 2284 2002 2327 QUIDQUID
2032 2285 2061 2315 L

107 2345 165 2386 60>
192 2343 364 2388 quidquid
393 2347 420 2375 L
514 2346 571 2385 61)
599 2345 806 2389 parentesin
832 2345 876 2384 P,
902 2345 1110 2388 parathesin
1127 2345 1173 2379 B.
1201 2345 1437 2388 paranthesin
1480 2344 1513 2378 V
1609 2343 1667 2379 ‹32›
1683 2342 1820 2377 indicta
1839 2343 1874 2375 B
1948 2342 2006 2384 63)
2027 2342 2063 2374 et

106 2400 172 2434 hoc
194 2400 273 2435 idco
308 2400 395 2434 dicit
420 2402 503 2445 quia
527 2413 633 2446 supra
657 2402 795 2437 dixerat
818 2403 993 2437 incertum
1021 2413 1116 2443 esse,
1151 2403 1229 2446 quis
1255 2402 1340 2436 deus
1373 2402 1482 2436 vellet
1507 2411 1583 2435 6336
1607 2400 1692 2434 add.
1720 2400 1755 2434 R
1850 2399 1907 2442 64)
1930 2409 2002 2432 non
2026 2397 2063 2431 B

107 2459 165 2499 65>
192 2457 268 2492 ‘nec
295 2459 451 2501 sperent
480 2458 587 2499 dixit,
616 2460 717 2504 quasi
742 2459 951 2494 beneficium
977 2460 1038 2494 det
1067 2460 1290 2503 (coniectura
1315 2464 1365 2495 est
1390 2459 1622 2501 Bao-mmai,
1661 2458 1702 2492 de
1732 2457 1825 2500 cod.)
1854 2465 2062 2501 quocunque

107 2515 245 2549 venerit
270 2514 354 2548 add.
380 2518 407 2547 L
480 2517 538 2559 66)
565 2517 774 2562 allegoricos
800 2520 906 2557 PBL,
934 2517 1124 2562 allegorice
1162 2517 1196 2551 V
1262 2518 1321 2559 67)
1349 2516 1454 2550 ‘dira‘
1484 2519 1690 2559 autem-pro
1716 2525 1848 2559 magna
1872 2513 1929 2547 vel
1956 2512 2061 2546 vehe-

107 2582 206 2606 mens
234 2571 319 2605 add.
346 2575 389 2613 L,
414 2571 501 2606 ‘tani
526 2573 602 2607 dira
627 2573 774 2618 cupidos
802 2574 937 2608 scilicet
962 2576 1002 2608 ut
1025 2574 1114 2608 velis
1140 2584 1289 2618 regnare
1316 2573 1409 2617 apud
1434 2574 1566 2608 interos
1591 2573 1676 2607 cedd.
1705 2572 1738 2607 R
1833 2574 1890 2607 68)
1917 2569 2063 2604 116113103

43 2674 46 2678 Ι
109 2629 160 2670 Ρ,
204 2630 338 2674 elyseos
380 2629 433 2670 B,
476 2630 596 2665 elisios
629 2631 663 2665 V
753 2632 809 2669 69)
836 2631 855 2664 i.
884 2642 912 2664 e.
943 2632 1104 2675 quamvis
1130 2631 1165 2665 R
1261 2632 1318 2675 70)
1345 2631 1486 2675 ‘elysios
1513 2632 1662 2674 campos*
1692 2630 1753 2664 ubi
1777 2629 1898 2664 felices
1924 2628 2063 2661 animae

110 2687 300 2721 secundum
329 2689 452 2730 poetas
478 2689 704 2732 requiescunt
736 2687 820 2722 add.
848 2687 883 2722 R
987 2689 1044 2732 71)
1079 2687 1186 2722 Ceres
1212 2699 1289 2723 cum
1326 2709 1369 2714 -
1402 2688 1514 2722 filiam
1540 2698 1607 2721 om.
1636 2687 1670 2720 B
1777 2687 1832 2729 72)
1868 2685 2000 2729 reperit
2034 2683 2069 2718 V

111 2743 168 2783 73)
194 2746 376 2788 gustasset
403 2744 439 2778 B
